1821 3251
545 19 1237 87 οΛνΣΣΕιΑΣΡ.

1669 54 1723 93 19

226 149 314 225 οξλλ’
344 149 437 195 ἐπεὶ
466 166 551 194 ουν
582 149 637 208 δὴ
667 151 774 207 ἔργα
803 150 904 196 κάκ’
911 151 1140 224 εμμαθεν,
1170 153 1254 198 οὐκ
1284 155 1482 215 ἐθελήσει

227 210 359 278 ἔργον
387 208 660 264 ἐποίχεσθαι,
692 207 802 252 ἄλλα
830 209 1047 254 πτώσσων
1072 209 1185 254 κατὰ
1215 213 1358 267 δῆμον

224 264 431 321 βούλεται
461 267 635 318 αἰτίζων
662 265 843 321 βόσκειν
871 265 929 323 ἢν
955 267 1125 323 γαστέρ’
1154 267 1357 313 ἄναλτον.

221 322 311 366 αλλ’
343 323 389 366 ἔκ
421 338 491 366 τοι
519 322 641 376 ε’ρέω,
665 324 716 366 ‘co'
748 323 795 366 δὲ
824 327 899 367 καὶ
927 325 1229 381 τετελεσμένον
1258 326 1391 381 ἔσται,

107 383 190 424 230
221 381 270 422 αἴ
294 377 332 422 κ’
363 378 485 449 ἔλθῃ
500 378 612 433 πρὸς
643 378 804 435 δώματ’
829 378 1073 453 Ὀδυσσῆος
1101 383 1259 435 θείοιο,

221 433 363 479 πολλά
393 437 436 479 οἱ
450 436 580 506 ἀμφὶ
609 436 722 493 κάρη
752 435 890 508 σφέλα
919 438 1099 493 οἷνδρων
1128 438 1176 482 ἐκ
1205 439 1450 510 παλαμάων

162 490 403 546 *πλευραὶ
434 491 728 563 ἀποτρίψουσι
759 495 901 550 δόμον
929 495 1039 540 κάτα
1068 496 1370 552 βαλλομένοιο.
1385 504 1410 522 “

295 548 379 601 ,Ως
407 548 538 606 φάτο,
566 550 641 593 καὶ
669 553 841 607 παριών
868 552 945 606 λὰξ
974 554 1160 608 ε’νθορεν
1189 553 1461 611 ἀφραδίῃσιν

217 607 366 664 ἰσχίῳ·
397 607 500 650 ου’δὲ
530 624 606 662 μιν
636 607 756 661 ἐκτὸς
772 626 947 679 αταρπι
951 614 1033 655 τοῦ
1061 610 1351 684 ἐστυφέλιξεν,

106 663 191 707 235
222 624 314 707 οἰλχ’λ
343 662 454 718 ἔμεν’
486 663 727 719 ἀσφαλέως.
758 664 784 709 ὁ
814 667 861 709 δὲ
887 667 1164 723 μερμήριξεν,
1193 667 1438 720 Ὀδυσσεύς,

162 719 274 802 ᾅηὲ
303 722 502 776 μεταΐξας
533 721 706 777 ῥοπάλῳ
736 722 784 765 ἐκ
812 724 961 793 θυμὸν
990 724 1146 775 ελοιτο,

162 774 250 834 *²⁵2⁸
278 777 390 834 πρὸς
419 781 504 835 γῆν
532 779 697 822 ἐλάσειε
725 794 856 836 παρη,
887 779 1109 838 αμφουδις
1138 779 1308 837 ἀείρας·

42 914 113 950 ν’ὕν
136 914 332 960 γράφεται.
352 913 500 959 (legitur
518 916 632 950 tamen
651 914 764 961 ο’ῤῥὸς
784 927 859 951 cum

43 961 153 1003 alias,
187 969 257 995 tum
292 962 384 1006 apud
419 962 502 995 Sch.
534 962 615 996 item
652 964 858 997 Aristoteles

41 1007 88 1040 Η.
109 1008 150 1040 Α.
174 1009 210 1049 3,
237 1009 293 1050 16,
316 1008 370 1043 ΞΛ
395 1006 473 1043 πᾶν
493 1006 534 1042 δὲ
557 1006 654 1052 γοῖλα
677 1009 750 1053 ἔχει
770 1010 859 1056 ἰχῶ-

43 1065 91 1098 ρα
123 1033 322 1112 ὖδατώδη,
369 1049 410 1094 ὃς
444 1057 608 1090 καλεῖται
644 1054 792 1113 6665u69,
823 1069 857 1091 κ.

41 1102 275 1143 σωματωδες,
300 1099 320 1135 6
343 1103 509 1136 καλεῖται
531 1100 672 1146 τυρός.)
698 1102 792 1146 ὀροῦ
816 1102 857 1138 δὲ

41 1146 143 1189 αξιοῖ
163 1145 229 1181 τόν
245 1145 461 1183 Ὀδυσσέα
443 1161 461 1182 ο
481 1149 712 1191 Mammam&
737 1147 787 1190 ὠς
805 1148 857 1195 μὴ

40 1194 196 1229 δικαιῶν
221 1191 339 1229 αὐτόν
360 1196 482 1229 πίνειν
499 1194 668 1238 γάλατος.
704 1196 767 1231 καὶ
792 1196 857 1255 ᾅλ-

40 1242 112 1280 λως
145 1239 186 1276 δὲ
218 1237 414 1284 dmum-,1621
439 1238 481 1275 τό
495 1240 629 1296 πόμα,
666 1238 717 1282 ὦς
748 1243 810 1278 καὶ
836 1241 856 1278 6

39 1285 208 1332 Κύκλωψ
225 1288 289 1343 (ι’,
312 1288 412 1331 222.)
437 1285 630 1331 ἐδήλωσεν.
663 1288 858 1333 ἐπιγον-

40 1334 117 1390 νὶς
140 1333 181 1369 δὲ
213 1331 234 1370 o‘
260 1333 432 1377 ἀνωτέρω
457 1334 525 1369 τοῦ
549 1333 706 1378 γόνατος
728 1338 857 1377 τόπος,

41 1394 87 1416 ον
128 1380 192 1416 καὶ
225 1379 346 1424 μύλην
383 1383 478 1424 φασί
507 1394 613 1422 τινες
657 1383 786 1426 χρῆσις
817 1381 857 1417 δὲ

39 1440 180 1486 ταυτης
207 1428 271 1464 καὶ
304 1427 344 1463 ἐν
377 1427 430 1472 τῷ
460 1426 522 1471 (σ’,
546 1428 625 1472 74.)
661 1429 774 1474 οῖήν
808 1426 855 1464 ἐκ

41 1472 234 1518 ῥακέων
289 1471 310 1509 6
354 1474 513 1530 ,γέρων
564 1472 856 1532 ἐπιγουνίδα

42 1522 229 1579 φαίνει,
252 1520 442 1557 τουτέστιν
460 1519 671 1565 εὑσακριᾞαν
696 1519 855 1567 εὐεξίαν,

40 1566 91 1608 ὥς
123 1567 162 1604 ἐκ
191 1567 329 1612 μέρους
364 1566 406 1602 τό
439 1569 518 1602 πᾶν
541 1568 766 1613 δηλοῦσθαι.
809 1568 852 1603 τό

41 1611 83 1650 δε
106 1613 220 1674 ἔργα
238 1612 337 1650 κάκ’
362 1614 519 1659 ἔμαθε
543 1614 708 1657 &naviga
731 1614 775 1650 τό
801 1616 853 1660 μῦ

39 1660 80 1697 ἐν
111 1663 165 1708 τῷ
208 1659 358 1706 ἔμαθε
402 1660 497 1696 κατὰ
533 1660 625 1702 τούς
657 1662 853 1703 παλαιούς.

39 1709 186 1753 „eadem
212 1709 286 1743 scil.
310 1707 447 1743 ratione
470 1713 576 1753 atque
599 1707 736 1755 ε’,λλαβε
762 1709 854 1745 ἐλλι-

34 1756 200 1792 τάνενε“
233 1760 301 1790 etc.
337 1755 389 1788 Cl.
421 1754 466 1788 cf.
496 1755 606 1788 locum
641 1756 783 1790 similem
808 1755 852 1799 6',

38 1802 237 1837 361-363.
269 1820 315 1826 -
353 1799 495 1855 ἔργον
529 1799 850 1847 ἐποίχεσθαι,

36 1846 269 1892 ἐργάζεσθαι.
310 1865 357 1875 —
395 1843 624 1883 πτώσσων
671 1848 760 1882 idem
799 1851 852 1894 τῷ

35 1894 237 1952 πτωχεύειν
262 1905 338 1928 esse
356 1892 405 1927 ait
422 1892 465 1926 Ε
484 1894 551 1948 Ap.
571 1896 704 1929 emend.
721 1907 730 1928 ε
752 1908 851 1930 πτω-

33 1940 120 1986 χὸς,
153 1939 173 1976 6
200 1940 372 1985 ἐπαίτης,
403 1938 508 1982 παρα
532 1939 575 1974 τό
601 1940 803 1982 πτώσσειν,
828 1939 851 1977 ὅ

34 1988 110 2023 ἐστι
132 1988 417 2023 ταπεινοῦσθαι.
445 1987 628 2040 σημαίνει
652 1985 691 2021 δὲ
716 1986 758 2023 τὸ
783 1987 849 2022 ἐπ-

35 2037 173 2070 αιτεῖν·
208 2032 327 2069 ἀλλα
358 2029 587 2067 πτώσσων
619 2033 741 2068 κατα
765 2035 849 2077 ‹317-

35 2094 134 2125 μον.
156 2100 202 2106 -
227 2081 272 2115 cf.
296 2074 336 2113 Il
354 2077 399 2119 6,
423 2079 504 2119 371,
529 2077 568 2120 ε’,
593 2081 674 2121 634,
698 2079 743 2121 ν’,
768 2080 850 2122 427,

37 2128 168 2173 Odyss.
193 2125 245 2180 χ’,
258 2124 340 2167 304,
366 2137 386 2159 e
409 2124 532 2179 quibus
558 2126 642 2159 locis
665 2105 851 2160 simi'libus-

35 2186 104 2219 que
136 2172 333 2217 intelligas,
377 2169 557 2206 πτώσσειν
591 2174 735 2218 proprie
774 2184 850 2207 esse

37 2221 214 2264 trepidare
248 2225 284 2253 et
315 2218 407 2252 ultro
415 2217 590 2271 ‘citroque
615 2230 778 2259 cursare,
811 2224 850 2252 ut

35 2267 149 2301 solent
172 2264 318 2300 mendici
354 2263 454 2298 invisi
480 2264 657 2321 plerisque
694 2265 850 2299 omnibus

36 2318 73 2347 et
90 2313 177 2346 male
196 2311 318 2346 habiti.
343 2311 423 2345 hinc
445 2313 496 2358 τῷ
519 2310 744 2346 πτώσσων
767 2313 852 2346 sub-

32 2359 161 2403 jectum
183 2365 239 2392 est
264 2358 469 2399 αἰτίζων.
497 2375 540 2381 -
565 2357 616 2391 E:
641 2359 684 2392 τὸ
710 2358 749 2394 δὲ
774 2356 851 2413 βό-

35 2417 170 2441 σκειν
196 2406 279 2459 (659
305 2406 393 2448 etc.)
428 2402 479 2442 ὥς
502 2401 563 2438 ἐπὶ
590 2402 672 2449 ἁλός
673 2418 727 2439 ov
752 2404 850 2447 ζώου

34 2451 120 2495 ἔφη,
150 2450 327 2487 σκώπτων
349 2450 413 2485 καὶ
437 2446 569 2489 ου’τως.
605 2451 784 2509 γαστήρ
810 2451 850 2487 δὲ

33 2496 244 2537 ἄναλτος
277 2495 300 2541 ἦ
335 2494 552 2540 ἀπλήρωτος
577 2503 644 2531 etc.
681 2499 724 2531 ab
760 2498 851 2539 οίλω,

35 2543 147 2578 αλδω.
174 2557 208 2578 v.
226 2545 333 2577 Schn.
359 2556 391 2578 v.
413 2543 585 2598 ἄναλτος,
609 2544 686 2577 etB
707 2557 783 2578 ann.
805 2546 848 2578 ad

32 2590 221 2624 Gnomicos
244 2602 277 2635 p.
301 2591 381 2625 286.
405 2611 451 2616 —
484 2591 655 2645 σφέλα,
686 2593 849 2632 scabella,

31 2649 52 2671 a
77 2637 234 2682 σφέλας,
268 2635 358 2681 quod
383 2635 450 2670 dix·
456 2641 471 2669 t
496 2635 537 2677 σ’,
562 2638 643 2672 393.
686 2637 848 2681 producit

29 2695 99 2717 vox
133 2682 360 2736 posteriorem
393 2683 582 2727 syllabam,
614 2688 737 2728 utpote
763 2695 846 2717 con-

31 2734 175 2764 tractam
201 2742 220 2764 e
246 2728 402 2771 σφέλαα,
429 2735 468 2762 ut
492 2730 586 2765 δέπα
613 2741 633 2763 e
657 2729 778 2765 δέπαα
802 2729 846 2772 τ’,

29 2775 86 2811 62.
113 2781 150 2810 et
172 2774 219 2817 ν’,
246 2777 323 2810 153.

75 2823 155 2857 23Ξ.
193 2834 258 2867 quo
283 2824 387 2867 pacto
411 2819 489 2855 fieri
513 2824 646 2867 potest,
670 2825 709 2854 ut
733 2821 845 2856 latera

30 2867 168 2913 Uljssis
192 2869 394 2902 deterantur
427 2868 586 2901 scabellis
608 2868 751 2911 jactatis
776 2868 846 2901 cir-

30 2926 106 2949 cum
130 2918 237 2961 caput
260 2916 356 2959 ejus,
382 2911 483 2959 ἀμφὶ
505 2913 628 2964 mimz?
652 2919 847 2957 senserunt,

906 917 1074 974 opinor,
1086 917 1176 951 hanc
1199 913 1428 953 ἆσυστασῖαν
1451 918 1520 961 illi,
1545 919 1605 964 qui
1629 920 1717 954 scri-

903 966 1032 999 bebant
1051 962 1247 1008 οἷμφικαρῆ
1266 967 1396 1008 σφέλα,
1420 966 1454 999 h.
1473 978 1502 999 e.
1526 965 1718 1020 interprete

904 1012 949 1045 E.
970 1009 1165 1047 υποπόὸια
1190 1011 1450 1068 οἷμφικέφαλα,
1476 1009 1526 1052 ιὸς
1554 1025 1635 1046 οιον
1658 1025 1717 1048 κε·

905 1057 1028 1102 φαλάς
1053 1055 1327 1102 ἀμφοτέρωθεν
1351 1058 1481 1102 ἔχοντα
1497 1056 1564 1098 τοὶς
1587 1057 1625 1093 ἐν
1650 1058 1718 1094 αυ’-

903 1108 985 1145 τοῖς
1007 1104 1135 1149 ἐξοχας
1158 1118 1190 1139 κ.
1215 1104 1341 1150 λοιβας.
1365 1105 1427 1138 sed
1451 1116 1613 1159 nusquam
1638 1117 1717 1139 sca-

903 1151 995 1185 bella
1029 1151 1193 1195 ejusmodi
1234 1158 1356 1186 ansata
1393 1152 1556 1184 dicuntur
1596 1152 1631 1185 in
1664 1152 1717 1185 his

901 1198 1130 1239 carminibus,
1149 1209 1238 1242 quae
1254 1197 1417 1238 scabella,
1434 1197 1464 1230 si
1482 1198 1611 1230 usitata
1630 1197 1717 1231 suis-

902 1250 1000 1285 sent‚
1028 1245 1183 1288 profecto
1208 1247 1333 1290 Ροέῑε,
1360 1242 1505 1288 quaevis
1533 1243 1619 1277 diliff
1596 1251 1717 1288 genter

902 1289 1101 1324 describere
1124 1290 1264 1331 solitus,
1291 1295 1596 1324 commemorasset.
1635 1290 1716 1324 dein

904 1335 992 1370 dure
1013 1336 1092 1378 ille,
1126 1337 1222 1380 cujus
1246 1337 1381 1372 minime
1403 1337 1488 1369 dura
1513 1340 1567 1369 est
1591 1337 1715 1379 oratio,

903 1382 1051 1416 dixisset
1076 1382 1233 1424 πλευραί
1255 1395 1292 1418 οι
1315 1381 1569 1428 ἀποτρίψουσι
1600 1383 1716 1426 σφέλα

903 1440 968 1474 pro
1001 1440 1069 1474 σφε
1065 1428 1118 1463 ’λα
1150 1429 1188 1464 (ἱ
1221 1426 1285 1464 ἆπ.
1319 1429 1491 1472 πλευράς.
1538 1428 1716 1463 Mediola-

901 1485 1025 1509 nenses
1049 1475 1185 1533 quidem
1200 1476 1440 1510 Scholiastae:
1465 1473 1716 1519 ὑπερβολικως

901 1518 1024 1563 εἶπεν,
1049 1520 1100 1562 (ὃς
1124 1523 1159 1557 εἰ
1181 1523 1276 1567 φαίη
1299 1535 1374 1563 τις,
1402 1520 1461 1556 ὅτι
1484 1521 1621 1562 πολλάς
1643 1523 1716 1567 μά-

900 1579 1025 1612 στιγας
1048 1568 1267 1611 κατέτριψεν
1303 1566 1322 1602 ὁ
1347 1569 1463 1609 νῶτος
1488 1570 1610 1603 τοῦδε-
1653 1569 1715 1603 sed

901 1615 968 1648 hoc
999 1614 1110 1660 quivis
1143 1616 1274 1649 sentiat
1311 1615 1412 1660 longe
1444 1615 1552 1648 lenius
1587 1614 1712 1649 dictum

900 1672 997 1704 esse,
1031 1661 1237 1715 faciliusque
1272 1664 1378 1695 atteri
1410 1673 1472 1694 usu
1507 1662 1582 1695 lora
1613 1673 1714 1706 quam

897 1707 1061 1741 scabella.
1085 1706 1167 1752 quid
1185 1708 1320 1741 multa?
1345 1707 1503 1741 affectum
1531 1714 1585 1741 est
1607 1719 1715 1742 voca-

897 1753 1013 1787 bulum
1035 1754 1202 1797 πλευραὶ,
1225 1754 1486 1798 ponendumque
1509 1753 1650 1796 πλευρά
1670 1751 1713 1789 τ’.

898 1807 982 1844 apte
1004 1799 1127 1833 Hom.=
1159 1799 1267 1855 κάρη
1279 1799 1420 1842 πλευρά
1445 1812 1502 1841 τε,
1539 1808 1577 1833 ut
1599 1801 1713 1844 μετά-

897 1857 1037 1889 φρενον
1061 1844 1128 1889 ἠδὲ
1150 1846 1211 1881 καὶ
1238 1843 1326 1900 ω’μω
1343 1847 1477 1891 πλῆξεν
1501 1846 1540 1879 11.
1559 1845 1605 1892 β,
1630 1849 1713 1883 265.

896 1892 990 1926 forte
1032 1892 1167 1926 librarii
1211 1893 1413 1951 scripserint
1457 1894 1613 1934 πλευραι
1649 1906 1712 1938 pro

896 1935 1082 1982 πληροῖτ’,
1116 1944 1156 1972 ut
1186 1938 1248 1973 καὶ
1280 1950 1342 1984 pro
1375 1937 1454 1974 κατ’
1488 1939 1525 1972 ll
1556 1937 1598 1982 6',
1629 1943 1711 1976 357.

896 1995 1010 2028 quam·
1022 1985 1269 2018 correctionem
1305 1985 1418 2019 firmat
1442 1986 1587 2020 Aldinae
1610 1988 1643 2021 3.
1676 1991 1712 2021 et

897 2031 1110 2075 quorundam
1142 2031 1234 2075 apud
1269 2030 1298 2063 E
1330 2033 1506 2078 scriptura
1536 2033 1710 2077 πλευρας,

896 2088 970 2110 cum
988 2082 1102 2110 notum
1126 2077 1184 2118 sit,
1210 2077 1310 2110 etiam
1335 2089 1356 2112 6
1379 2085 1416 2112 et
1438 2092 1458 2112 τ
1477 2079 1610 2113 litteras
1629 2091 1711 2124 per-

895 2122 1032 2157 misceri
1057 2123 1170 2156 solere
1194 2123 1229 2156 in
1258 2123 1448 2158 codicibus.
1484 2124 1573 2158 dixit
1597 2131 1710 2162 autem

896 2169 997 2203 Hom.
1034 2169 1177 2212 πλευρά
1214 2169 1254 2203 Il.
1290 2167 1334 2211 δ’,
1356 2171 1436 2205 468.
1481 2169 1605 2217 ἀμφὶ
1636 2174 1710 2217 jam

895 2226 960 2261 pro
985 2215 1151 2249 adverbio
1177 2215 1413 2260 accipiendum
1442 2221 1506 2250 est.

941 2262 1135 2298 233—236.
1162 2261 1253 2304 λάξ
1280 2262 1323 2304 ο’,
1347 2264 1392 2298 45
1412 2270 1476 2297 etc.
1493 2283 1539 2289 —-
1563 2262 1710 2299 ἐνθο-

896 2320 986 2351 ρεν,
999 2309 1191 2342 insultavit.
1217 2309 1256 2343 Il.
1278 2308 1317 2350 ε’,
1341 2311 1419 2351 161,
1448 2310 1709 2354 (12¹,13etc.—-

896 2353 1212 2411 ἀφραδίῃσιν.
1246 2351 1282 2394 ι’,
1304 2334 1384 2391 361.
1408 2375 1454 2380 -
1475 2357 1632 2411 ἰσχίῳ.
1668 2355 1707 2400 ε’,

896 2403 966 2436 305
989 2408 1055 2435 etc.
1080 2421 1125 2426 —
1150 2399 1434 2445 ἀταρπιτοῦ,
1460 2401 1643 2446 οἷπαρποῦ.
1666 2404 1706 2437 ΙΙ.

897 2447 940 2492 σ’,
963 2449 1043 2483 565.
1058 2462 1102 2472 —
1128 2447 1442 2492 ἐστυφέλιξεν.
1467 2447 1518 2491 π’,
1545 2452 1611 2484 1Οὸ
1636 2456 1705 2485 etc.

895 2516 941 2521 —-
959 2507 1075 2538 μετα
1088 2493 1202 2537 ἵξας,
1221 2496 1472 2539 μεταδιωκων,
1496 2497 1706 2530 citoinsecu-

895 2546 951 2574 tus
983 2542 1092 2575 illum.
1138 2539 1173 2575 ‘v'
1185 2567 1195 2583 ,
1226 2544 1294 2584 11,
1327 2542 1368 2576 ll.
1393 2541 1441 2581 π’,
1473 2543 1542 2578 398
1568 2550 1635 2576 etc.
1658 2560 1705 2566 -

895 2585 1096 2633 ῥοπάλῳ.
1123 2589 1202 2623 195.

941 2635 1021 2670 937.
1060 2621 1315 2691 ἀμφουδὶς
1339 2629 1516 2677 αείρας.
1549 2632 1705 2679 plerique

895 2680 1016 2714 codd:
1060 2678 1176 2724 α’μφ
1212 2674 1365 2720 οὖδας
1397 2679 1586 2724 οἷείρας,
1609 2692 1704 2736 ³non-

891 2726 996 2768 nulli‚
1029 2726 1063 2761 in
1089 2728 1211 2771 quibus
1239 2728 1364 2761 Thom.
1393 2727 1559 2782 Bentleji:
1595 2724 1701 2770 ἄμφ’

893 2770 1044 2813 ου’δας
1069 2772 1268 2815 ἐρείσας.
1308 2774 1361 2806 E:
1387 2774 1427 2806 τὸ
1454 2770 1704 2828 αμφουδὶς

892 2819 1004 2854 ου’δὲν
1027 2821 1216 2874 διαφέρει
1259 2832 1326 2853 του
1370 2818 1479 2863 αιιφ’
1526 2815 1700 2861 ουδας,

889 2863 986 2910 πλὴν
1010 2863 1060 2906 ὥς
1090 2865 1183 2902 αυτὸ
1218 2864 1403 2910 ἐιιίρῤημά
1437 2865 1534 2901 ἔστιν
1559 2865 1702 2901 ἐκεῖθεν

891 2912 1098 2960 παραχθέν.
1121 2914 1216 2958 λέγει
1239 2911 1279 2948 δὲ
1304 2912 1554 2956 αμφουὸὶς
1578 2913 1701 2957 ἐριῖ
