1821 3288
529 101 1233 148 EPIGRAMMATA.
1620 110 1705 151 365

181 215 334 298 *ἔνθα
365 213 543 284 σίδηρος
573 211 750 266 ἄριστος
778 212 1062 282 ἐπιχθονίοισι
1090 216 1316 268 βροτοῖσιν

181 271 412 320 *ἔσσεταα
440 265 534 312 εὖτ’
564 268 621 313 α’ν
647 287 725 325 μιν
756 268 996 326 Κεβρήνιοι
1023 268 1182 325 α’νδρες
1209 270 1372 327 ἔχωσιν.

869 542 943 579 ΙΑ.

272 655 480 699 ΠΡΟΣ
522 653 886 699 ΓΛΑΥΚΟΝ
937 653 1092 699 ΤΟΝ
1129 654 1484 700 ΑΙΠΟΛΟΝ.

215 868 417 938 Γλαῦκε,
448 889 591 942 βοτῶν
620 887 813 940 ἐπίοπτα,
843 887 946 935 ἔπος
974 884 1016 927 τί
1043 899 1112 926 τοι
1141 883 1189 926 ἐν
1218 886 1346 939 φρεσὶ
1373 887 1519 943 θήσω·

214 947 392 997 πρῶτον
425 943 504 1012 μὲν
532 943 634 986 κυνὶ
663 945 842 986 δεῖπνον
871 941 940 984 ἐπ’
974 940 1173 994 αὐλείῃσι
1206 943 1373 1011 θύρῃσι

215 1001 397 1042 δοῦναι·
429 997 487 1048 ὥς
515 999 599 1054 γάρ
630 998 824 1054 ἄμεινον.
856 996 881 1042 ὁ
910 997 994 1052 γὰρ
1024 1013 1097 1040 και
1125 1000 1301 1048 πρῶτον
1331 997 1483 1044 ἀκούει

213 1053 375 1111 ἀνδρὸς
403 1055 710 1111 ἐπερχομένου,
740 1056 814 1099 καὶ
841 1055 885 1107 ἐς
913 1054 1041 1109 ἕρκεα
1068 1052 1209 1109 θηρὸς
1237 1054 1396 1106 ἰόντος.

835 1340 904 1378 ΙΒ.

225 1452 375 1497 ΕΙΣ
431 1451 611 1498 ΤΗΝ
659 1448 1031 1497 ΙΕΡΕΙΑΝ
1068 1451 1184 1496 ΕΝ
1226 1452 1522 1500 ΣΑΜΩΙ.

210 1670 375 1731 Κλῦθί
404 1702 479 1740 μοι
509 1684 741 1755 εὐχομένῳ.
771 1686 1077 1756 Κουροτρόφε,
1108 1685 1187 1737 669
1215 1686 1263 1730 65
1276 1692 1479 1757 γυναῖκα

209 1746 341 1813 τήνδε
369 1743 481 1786 νέων
509 1742 587 1798 μὲν
618 1742 867 1799 ἀνήνασθαι
897 1743 1131 1813 φιλότητα
1136 1743 1211 1787 καὶ
1240 1741 1388 1802 εὐνήν,

209 1800 247 1861 ἡ
268 1801 311 1844 6’
342 1799 634 1852 ἐπιτερπέσθω
663 1801 1057 1857 πολιοκροτάφοισι
1084 1799 1308 1868 γέρουσινὲ

211 1861 276 1902 ὠν
305 1855 398 1914 ὥρη
426 1856 507 1912 μὲν
535 1855 850 1914 ἀπήμβλυνται,
878 1858 1023 1914 θυμὸς
1051 1857 1099 1902 65
1126 1859 1331 1915 μενοινᾷ

831 2141 902 2181 ΙΓ.

320 2255 453 2300 ΕΙΣ
503 2255 740 2303 ΟΙΚΟΝ
783 2254 947 2301 ΤΩΝ
984 2255 1404 2303 ΦΡΑΊὌΡΩΝ.

210 2465 418 2561 ΞΙΑνδρὸς
445 2490 525 2562 μὲν
552 2490 768 2546 στέφανος
795 2491 960 2542 παῖδες,
987 2488 1150 2546 πύργοι
1178 2489 1227 2534 65
1253 2488 1429 2547 πόληος,

210 2546 337 2590 ἵπποι
364 2545 409 2592 6'
441 2544 500 2592 αὖ
526 2548 680 2592 πεδίου
707 2547 886 2604 κόσμος,
913 2549 1014 2603 νῆες
1042 2547 1090 2592 65
1116 2546 1357 2604 θαλάσσης,

37 2660 97 2696 θα
119 2653 222 2703 αυτῷ
247 2655 514 2719 ἀναπαυομένῳ
536 2660 604 2708 τήν
623 2659 741 2696 νύκτα
763 2659 842 2696 ἐπι·
884 2660 908 2696 1.
942 2671 994 2702 c.,
1013 2663 1265 2706 praetereaque
1296 2671 1353 2706 ap.
1375 2658 1501 2694 Athen.
1527 2659 1591 2703 13,
1615 2662 1686 2705 61„
1703 2674 1705 2676 ·

35 2706 166 2751 πίπτει
187 2703 326 2762 καρπός
346 2706 411 2750 τῆς
430 2708 562 2748 πίτυος
586 2711 652 2742 etc.
683 2718 783 2741 versu
806 2708 841 2742 3.
887 2705 947 2750 qui
984 2706 1148 2752 Sophocli
1196 2705 1366 2741 attribuit.
1407 2704 1686 2742 Pseudoherod..

36 2748 167 2787 Frank.
195 2748 345 2796 ἄριστος
366 2763 429 2798 pro
448 2751 562 2798 ἄρηος
579 2753 675 2787 dedit
700 2765 743 2786 ex
760 2753 842 2786 Sui-
885 2751 1136 2796 ἔγχρίμπτεται
1159 2752 1304 2807 γυναιξὶ
1325 2749 1582 2808 Κονροτρόφω
1613 2755 1688 2789 θν-

37 2797 94 2832 da.
118 2796 197 2832 dein
208 2797 421 2832 scribendum
438 2804 491 2833 est
508 2795 603 2835 ἔστ’
588 2797 647 2842 οἷν,
662 2799 840 2843 quamdiu.
887 2798 1016 2840 οὔσαις
1039 2797 1079 2835 ἐν
1086 2800 1148 2856 τῇ
1167 2796 1327 2844 τριόδῳ·
1360 2795 1384 2843 ἡ
1406 2796 1447 2833 65
1471 2797 1585 2856 ἱέρεια
1606 2797 1687 2836 εἷπε

37 2842 83 2879 de
101 2844 272 2878 Cebreuiis
294 2856 328 2878 v.
346 2843 468 2889 Steph.
483 2845 567 2890 Byz.
592 2857 626 2882 v.
637 2825 840 2892 ⁷K513972'vtoc.
884 2843 982 2889 πρός
1004 2843 1141 2886 αὐτὸν,
1164 2843 1420 2901 δυσχεράνασα
1443 2845 1492 2889 τῇ
1513 2842 1612 2901 ὄψει,
1623 2843 1686 2881 ’'A-

83 2888 140 2934 Ep
142 2889 178 2934 ig
181 2902 209 2925 r.
234 2893 289 2928 11.
312 2889 396 2924 ibid.
421 2902 451 2924 c.
475 2892 532 2926 21.
884 2903 960 2937 νερ,
983 2888 1060 2928 ἀπὸ
1084 2892 1162 2927 τῶν
1184 2891 1312 2938 ἱερῶν*
1329 2911 1373 2919 -
1397 2887 1418 2927 ὃ
1444 2891 1488 2927 65
1507 2890 1600 2938 λέγει
1618 2890 1685 2929 τοὶ-

84 2901 208 2981 Epigr.
225 2937 280 2972 12.
304 2935 433 2982 legitur
454 2936 540 2974 ibid.
561 2948 591 2973 c.
608 2939 665 2975 30.
689 2940 726 2974 et
741 2936 840 2974 Suid.
885 2938 928 2975 δε
953 2941 1021 2974 etc.
