1821 3288
550 106 1134 170 οΛΥΣΣΕιΛΣ
1192 131 1242 171 Τ.

1658 134 1745 180 107

244 233 448 292 ἐλθέμεν.
496 229 526 292 ἦ
555 234 605 279 κ’
637 233 911 280 ἆσπαστόν’
892 254 941 293 εμ
946 235 990 282 οὶ
1017 236 1091 282 καὶ
1116 237 1244 282 παιδὶ
1274 217 1462 295 γένοιτο.

132 295 215 340 570
247 293 351 336 ἄλλο
383 293 431 336 δέ
459 307 529 335 τοι
558 290 686 344 ἐρέω,
715 292 772 336 σύ
802 293 846 336 δ’
876 254 957 337 ἐνὶ
971 290 1100 367 φρεσι
1115 296 1287 366 βάλλεο
1317 300 1494 353 σῇσιν·

246 348 323 405 ἥδε
354 350 407 405 δὴ
423 347 526 418 ἠώς
556 347 639 392 εἶσι
669 349 953 405 δυσώνυμος,
984 350 1013 407 ἥ
1041 350 1091 406 μ’
1115 348 1332 421 Ὀδυσῆος

178 451 183 454 ,
244 407 376 453 οἴκου
406 404 661 461 ἀποσχήσει·
690 410 778 449 νῦν
805 407 893 462 γὰρ
923 405 1161 462 καταθήσω
1196 406 1361 453 ἄεθλον

244 463 348 514 τοὺς
374 464 599 517 πελέκεας,
634 462 740 515 τοὺς
767 468 913 517 κεῖνος
942 465 1009 510 ἐνὶ
1035 464 1295 522 μεγάροισιν
1323 465 1462 511 εοῖσιν

77 623 166 647 οντα
187 607 416 655 παρήπαφεν
445 610 535 656 ὄψις
558 609 725 658 ὀνείρου,
750 615 888 658 Κλεψι-

76 656 176 693 νόων
223 656 422 702 ἐλέφαντος
479 657 665 701 ἀναΐξασα
718 660 884 697 πυλάων.

75 705 200 738 Horat.
225 703 360 744 Ο(1.3.,
384 706 440 746 27,
465 706 539 740 39..
570 718 637 740 an
645 707 739 741 vitizs
762 719 886 741 caren-

74 756 144 785 tem
165 750 275 785 Ludit
298 750 417 795 imago
449 752 569 792 Pana,
594 765 683 795 quae
706 759 807 795 porta
825 756 885 795 fu-

73 798 175 841 giens
193 797 324 830 eburna
336 797 512 830 Somnium
531 798 625 832 ducit
635 799 676 831 ?“
689 798 744 832 Cl.
768 799 884 834 Mont-

75 843 163 878 beL:
208 843 338 883 „Cette
379 843 519 885 fiction,
557 855 600 878 ou
637 844 749 888 plutot
792 849 885 877 cette

75 900 245 932 croyance
280 889 342 922 des
372 889 513 923 anciens
546 890 709 934 peuples,
742 902 763 923 a
796 901 884 935 paru

75 936 106 970 si
144 934 364 979 inge'nieuse‚
405 945 472 978 que
515 945 662 979 presque
701 941 781 969 tous
835 936 884 969 les

74 981 194 1025 poetes
235 992 258 1025 y
298 980 373 1014 font
414 979 579 1021 allusion,
627 985 726 1015 entre
767 985 884 1015 autres

73 1028 177 1070 Prop.
202 1027 243 1065 4,
279 1027 313 1066 7,
338 1026 403 1066 873
435 1024 519 1058 Hor.
555 1026 625 1060 Od.
646 1027 691 1067 3,
727 1029 782 1068 27,
818 1027 884 1069 41;

73 1074 169 1106 Stac.
207 1071 294 1104 Silv-
320 1071 363 1111 5,
397 1071 440 1110 3,
484 1073 574 1113 287&
619 1072 757 1106 Coluth.
801 1075 882 1109 311.

72 1118 205 1162 Virgile
230 1118 313 1151 Aen.
338 1118 382 1156 6,
408 1114 485 1152 894.
510 1118 554 1151 l’a
578 1118 720 1152 imitee“
746 1125 813 1153 etc.
838 1139 884 1144 —

71 1162 262 1207 ξεστῶν.
288 1161 334 1206 α’,
361 1162 428 1197 138
452 1169 519 1198 etc.
542 1182 587 1189 ·—
617 1163 782 1208 αἰνόν,
805 1167 884 1202 δει-

71 1208 148 1247 νόν.
194 1208 246 1252 π’,
270 1211 314 1244 87
342 1213 410 1242 etc.

118 1253 315 1292 572—584.
363 1252 388 1289 οἷ
397 1268 423 1289 π
434 1268 453 1290 o
467 1266 487 1290 σ
497 1269 518 1300 χ
528 1254 551 1301 η’
562 1267 583 1291 σ
594 1269 610 1293 ε
622 1271 633 1292 ι
642 1283 653 1300 ,
682 1258 886 1301 prohibebit,

73 1303 241 1347 sejunget.
300 1299 336 1342 ι’,
368 1303 461 1343 211,
497 1303 613 1345 11.ζ’,
656 1305 702 1339 96
743 1310 809 1338 etc.
839 1324 886 1330 —-

73 1346 350 1390 καταθησω,
371 1347 503 1393 θήσω,
525 1349 694 1393 ποιήσω,
719 1350 885 1394 quemad-

74 1395 206 1430 modum
247 1394 420 1428 Pindarus
465 1396 568 1439 Pyth.
600 1398 646 1438 5,
688 1399 754 1431 121
796 1397 887 1431 dixit

73 1440 317 1477 κατατιθέναι
343 1439 454 1483 ὁδὸν,
479 1442 592 1475 Thuc.
617 1445 657 1483 1,
686 1444 788 1478 128.·
824 1441 886 1477 εὗ-

75 1490 238 1546 soz-scians
262 1486 460 1528 κατέθετο,
487 1487 668 1531 Theognis
703 1490 805 1526 983:
842 1486 885 1533 n*-

73 1539 155 1579 μεῖς
178 1532 220 1569 δ’
244 1532 283 1569 ἐν
306 1535 460 1587 θαλίῃσι
491 1536 602 1578 φίλον
625 1534 885 1578 καταθώμεθα

73 1579 211 1623 θυμόν.
270 1579 389 1634 putide
428 1580 479 1613 E:
513 1579 555 1616 τὸ
589 1594 684 1615 κατ.
730 1584 884 1625 καιρίως

73 1627 225 1682 ἔρῤὲθη
249 1622 315 1661 δια
356 1625 399 1660 τὸ
441 1625 542 1661 κάτω
575 1628 754 1663 τίθεσθαι
787 1629 883 1664 κατοὶ

71 1677 137 1720 γῆς
159 1671 248 1714 τούς
279 1671 476 1714 τοιούτους
503 1672 685 1714 πελέκεας.
712 1692 759 1700 -
792 1675 883 1711 idem

72 1721 220 1756 rectius:
251 1719 453 1763 σκοπητέον
477 1718 517 1755 δ’
544 1720 733 1763 ἐνταῦθα,
766 1721 881 1764 εἴπερ,

73 1765 126 1808 ὡς
149 1766 272 1823 εἰκὸς;
293 1765 515 1809 ἡμιπέλεκκα
537 1768 716 1811 (secureS,
742 1780 808 1804 non
833 1769 884 1802 bi-

75 1812 222 1858 peones)
248 1808 344 1855 ἦσαν
366 1812 416 1856 τῷ
440 1813 531 1847 εῖδει
554 1813 617 1848 καὶ
644 1814 680 1849 οὶ
704 1828 798 1850 κατα
815 1813 884 1849 τόν

72 1859 253 1903 Ὀδυσσέα
276 1859 522 1915 γυμναστικοὶ
539 1859 624 1895 πελέ
610 1873 708 1900 κεις.
754 1862 790 1895 τί
813 1860 883 1905 γάρ

74 1902 193 1946 ἄλλως
217 1903 293 1940 ἔδει
327 1902 467 1945 αὐτούς
499 1903 699 1948 ἀκεραίους
734 1908 884 1953 (simpli-

74 1964 153 1994 ces,
191 1963 257 1985 non
290 1951 472 1996 ancipites)
518 1957 639 1994 εἰναι;
675 1965 738 1988 nec
772 1959 885 1989 tamen

73 2004 152 2035 erat
174 1996 277 2042 quod
313 1997 546 2041 gjmnasticas
585 2000 782 2044 appellaret
822 2001 884 2034 has

72 2056 234 2085 secures,
259 2043 357 2087 quasi
382 2043 466 2077 alias
491 2056 532 2079 ac
555 2047 677 2089 quibus
695 2046 785 2080 domi
809 2047 886 2080 bel,

73 2092 166 2136 lique
199 2090 251 2133 (ν.
277 2089 388 2123 Feith.
413 2090 454 2131 4,
487 2092 532 2131 9,
557 2091 607 2135 6.)
645 2097 783 2125 veteres
809 2099 885 2125 ute-

71 2139 210 2172 bantur.
256 2134 373 2180 inepte
407 2136 543 2180 quidam
577 2138 669 2183 apud
706 2138 883 2182 Etymolo-

73 2195 150 2229 gum
175 2194 209 2215 v.
237 2181 416 2225 δρυόχους
440 2183 500 2216 has
523 2195 663 2218 secures
688 2185 884 2228 intelligunt

72 2228 218 2264 circulos
243 2235 302 2262 aut
330 2230 431 2263 orbes
464 2241 625 2274 magum,
659 2231 782 2285 quales
804 2238 884 2265 sunt

73 2275 320 2316 obeliscorum,
361 2276 509 2318 κίρκους
551 2275 657 2316 τινας
691 2275 883 2335 μεγάλους,

73 2318 138 2361 ἐπ’
161 2319 355 2366 ὀβελίσκων
371 2322 591 2378 κειμένους
625 2336 691 2363 ους
715 2321 882 2381 καταπή-

73 2370 236 2422 ’γνυσθαι
261 2368 312 2409 εἰς
336 2365 404 2412 τήν
427 2370 518 2414 γῆν,
558 2367 649 2407 ω’στε
675 2369 732 2404 δι’
758 2368 883 2404 αὐτῶν

70 2412 247 2470 τοξεύειν.
302 2414 339 2449 oz
372 2413 413 2449 δὲ
445 2417 625 2474 μολιβδᾶς
662 2416 730 2457 τοὶς
760 2416 884 2458 θέσεις

72 2457 198 2495 αυτῶν
231 2458 426 2504 κάτωθεν,
472 2461 598 2498 ἔπειτα
640 2462 706 2497 τόν
746 2462 882 2498 κύκλον

72 2505 150 2542 ἄνω
182 2505 421 2552 ἐπικείμενον.
482 2521 545 2543 nec
575 2509 682 2543 minus
718 2511 882 2544 aberrans

72 2564 94 2587 a
117 2564 200 2588 vero
224 2553 579 2599 801]ι].ν.δρύοχος
610 2555 779 2596 πελέκεας
813 2556 882 2589 dici

72 2602 174 2644 putat
197 2600 372 2634 manubria
396 2602 562 2635 securium
584 2602 773 2646 perforata,
799 2627 821 2643 „
813 2602 882 2642 ,die

69 2645 254 2680 holzernen
289 2647 397 2680 Stiele
442 2649 503 2681 mit
548 2648 736 2684 Locheru‘
793 2660 882 2693 quae

69 2692 239 2725 foramina
263 2704 389 2726 vereor
413 2699 454 2726 ut
476 2694 605 2727 usitata
636 2694 787 2735 fuerint,
819 2694 880 2727 sed

70 2738 197 2776 ferrum
222 2738 354 2777 securis
381 2740 572 2781 posteriore
596 2748 697 2785 parte
730 2722 881 2774 habebat

70 2784 244 2826 foramen,
270 2785 325 2818 cui
351 2784 560 2828 infigebatur
584 2787 817 2827 manubrium,
841 2791 881 2820 ut

69 2829 244 2874 hodieque
268 2830 372 2864 moris
405 2836 469 2864 est.
518 2837 554 2865 et
588 2844 628 2866 ea
663 2832 800 2877 quidem
826 2833 881 2866 fo-

70 2876 199 2909 ramina
225 2877 332 2910 fuerit
355 2876 413 2921 qui
444 2876 513 2910 dici
547 2883 668 2921 putet,
703 2889 766 2924 per
790 2890 880 2924 quae

65 2921 310 2967 sagittaverint
335 2923 432 2969 proci
458 2929 494 2958 et
520 2924 678 2969 Ubsses.
725 2925 787 2960 sed
807 2930 877 2960 tum

933 624 1100 660 quaeras,
1132 613 1299 661 quomodo
1332 614 1522 649 collocatae
1546 612 1616 649 sint
1639 625 1742 648 secu-

931 671 1000 694 reS.
1049 662 1115 695 imo
1149 662 1357 705 cogitandae
1393 662 1474 696 illae
1505 665 1587 694 sunt
1623 671 1743 694 manu-

931 706 1018 739 briis
1049 708 1119 741 suis
1158 708 1230 740 solo
1263 708 1411 749 infixae,
1446 706 1508 741 sed
1539 707 1743 752 perforatae

931 750 965 784 in
990 753 1122 794 medio,
1148 752 1246 809 quod
1265 753 1464 811 significare
1488 752 1628 787 videtur
1646 752 1742 794 Scin,

932 808 1005 830 cum
1032 779 1135 832 dicit’:
1159 798 1353 841 πελέκεας,
1377 798 1425 836 τοὶ
1450 798 1603 843 σιδήρια
1617 809 1745 842 τετρυ-

929 842 1117 887 πημένας,
1150 856 1283 879 secures
1307 849 1406 889 ferro
1434 849 1635 890 perforato.
1666 855 1744 878 nam

929 889 981 922 ita
1004 889 1224 924 scribendum
1248 892 1422 934 arbitror,
1458 903 1533 926 cum
1566 890 1648 925 libri
1681 891 1743 924 ha-

930 935 1035 969 beant
1057 937 1331 981 τετρυπημέναε
1364 938 1422 971 vix
1455 938 1542 972 enim
1576 936 1656 971 fieri
1681 947 1745 981 po-

930 981 1019 1022 tuit,
1054 987 1093 1014 ut
1115 982 1224 1027 ipsam
1247 984 1393 1018 securim
1418 983 1612 1018 Graeculus
1634 983 1746 1017 inter-

930 1032 1130 1072 pretaretur
1152 1029 1281 1063 ferrum
1307 1031 1542 1073 perforatum,
1566 1029 1656 1074 quod
1677 1040 1744 1072 ge-

931 1083 995 1105 nus
1020 1073 1089 1107 late
1113 1080 1221 1119 patet.
1269 1075 1331 1109 sed
1356 1076 1590 1109 adscribamus
1614 1075 1745 1109 disset·-
1777 1097 1784 1103 a

931 1119 1095 1153 tationem
1129 1120 1264 1154 comitis
1304 1121 1347 1154 de
1377 1122 1526 1166 Castus,
1569 1132 1637 1165 qua
1670 1121 1744 1154 for-

932 1176 1018 1198 mam
1059 1168 1228 1201 securium
1273 1167 1488 1213 antiquarum
1536 1167 1743 1212 exploravit,

933 1222 1022 1254 quae
1052 1212 1251 1248 dissertatio
1283 1214 1422 1258 saepius
1456 1225 1476 1247 a
1511 1225 1565 1247 me
1593 1213 1743 1246 laudatis

930 1257 1078 1291 Tabulis
1116 1259 1309 1293 Homericis
1344 1266 1380 1294 et
1415 1258 1616 1304 Virgilianis
1652 1260 1744 1303 (Τα-

933 1304 1056 1337 blcaux
1099 1306 1184 1339 tirc's
1217 1307 1404 1340 aliems-ue
1437 1311 1473 1341 et
1516 1307 1561 1339 de
1597 1306 1742 1350 lirgz'le,

930 1349 1041 1383 Paris.
1053 1375 1064 1392 ‚
1111 1353 1229 1397 1757.)
1260 1353 1390 1386 insmta
1425 1356 1490 1387 est.
1546 1351 1599 1385 sic
1636 1352 1744 1395 igitur

931 1395 987 1429 vir
1019 1407 1127 1440 sagax
1168 1398 1204 1432 in
1244 1399 1477 1444 percensendo
1519 1398 1610 1432 libro
1644 1399 1746 1442 liu-ius

931 1441 1091 1476 carminis
1131 1445 1196 1486 21,
1244 1447 1372 1479 120—
1396 1447 1484 1487 123,
1531 1455 1615 1489 pag.
1640 1445 1741 1479 251.-

931 1489 1218 1531 ,‚3.‘1'ableau.
1245 1490 1275 1524 ll
1299 1502 1342 1526 ne
1365 1503 1382 1525 s
1385 1491 1472 1536 agit
1493 1490 1581 1524 dans
1605 1501 1646 1523 ce
1667 1491 1744 1524 Ta·-

930 1535 1031 1568 bleau
1057 1536 1090 1568 d’
1093 1547 1226 1570 aucune
1249 1538 1374 1582 espece
1398 1538 1443 1571 de
1464 1538 1523 1582 jeu
1542 1536 1592 1569 de
1615 1537 1741 1580 bague,

931 1580 1005 1613 ains
999 1583 1019 1613 i
1044 1592 1110 1625 que
1133 1582 1165 1616 le
1195 1583 1380 1618 Primatice
1413 1584 1633 1627 (Francesco
1665 1583 1743 1616 Pri-

929 1628 1109 1670 munceio,
1136 1629 1249 1673 pictor
1279 1630 1457 1665 Bononiae
1482 1634 1583 1663 natus
1607 1641 1638 1663 a.
1659 1628 1741 1662 Chr.

930 1674 1050 1716 1490.)
1076 1686 1117 1707 en
1143 1687 1162 1709 a
1188 1677 1243 1709 ete
1277 1676 1472 1730 persuade,
1509 1680 1546 1709 et
1582 1679 1638 1720 qu'
1643 1687 1686 1708 on
1710 1674 1744 1709 le

927 1720 1002 1752 voit
1034 1719 1119 1754 dans
1150 1721 1189 1759 le
1214 1724 1322 1756 meme
1346 1723 1439 1766 sujet.
1474 1733 1518 1767 qu
1520 1721 1556 1755 11
1581 1733 1602 1755 a
1626 1723 1742 1756 traite.

930 1765 999 1799 Les
1025 1767 1165 1809 Grecs,
1203 1767 1288 1802 dans
1311 1768 1344 1802 le
1377 1775 1465 1802 tems
1489 1768 1534 1801 de
1558 1768 1592 1801 la
1616 1779 1744 1812 guerre
1800 1782 1803 1792 ‘=

931 1812 975 1844 de
999 1812 1143 1856 Troye,
1176 1825 1214 1848 se
1238 1816 1414 1849 servoient
1440 1825 1527 1859 pour
1551 1824 1662 1848 armes
1687 1814 1741 1846 of-

930 1857 1101 1900 fensiv‚es
1127 1865 1163 1891 et
1188 1872 1274 1904 pour
1293 1860 1314 1894 l'
1319 1860 1527 1896 immolation
1552 1860 1613 1894 des
1642 1859 1743 1893 victi-

929 1915 1020 1946 mes,
1054 1904 1098 1937 de
1131 1906 1258 1939 haches
1286 1909 1439 1941 montees
1472 1917 1532 1941 sur
1562 1906 1625 1940 des
1648 1917 1743 1939 man-

931 1950 1012 1983 ches
1037 1951 1113 1995 plus
1137 1963 1182 1985 ou
1206 1951 1315 1986 lnoins
1346 1954 1468 1999 longs3
1498 1952 1541 1985 ils
1573 1952 1623 1985 les
1647 1963 1743 1986 nom-

929 1996 1058 2030 moient
1080 2000 1251 2038 πελεκυς,
1284 2000 1438 2033 Pc‘lc'mes.
1497 1999 1554 2032 On
1590 2010 1634 2032 ne
1659 2002 1743 2043 peut

931 2045 1119 2086 s’appuyer
1149 2055 1208 2077 sur
1240 2044 1413 2080 l'autorite'
1449 2044 1594 2078 d'aucun
1626 2056 1743 2078 monu-

931 2095 1024 2122 ment
1047 2090 1090 2122 de
1116 2101 1156 2123 ce
1179 2096 1264 2124 tems
1300 2103 1386 2136 pour
1422 2091 1585 2135 indiquer
1609 2091 1641 2124 la
1664 2092 1742 2125 for—

930 2146 983 2168 me
1007 2136 1142 2179 pr‹}cise
1166 2136 1209 2170 de
1235 2143 1326 2171 cette
1349 2138 1473 2182 espece
1499 2138 1541 2170 de
1565 2137 1692 2178 bache,
1714 2137 1742 2171 il

929 2181 1005 2214 faut
1042 2182 1125 2215 dont
1156 2184 1314 2217 recourir
1355 2195 1423 2218 aux
1455 2183 1742 2217 vraisemblances

932 2233 967 2260 et
1003 2238 1071 2260 aux
1107 2229 1341 2272 conjectures,
1377 2231 1537 2263 d'autant
1572 2242 1615 2273 qu
1619 2229 1742 2263 'aucun

929 2276 1067 2308 Auteur
1090 2275 1252 2309 moderne
1285 2287 1329 2309 ne
1367 2276 1467 2322 parle
1499 2275 1544 2309 de
1574 2277 1609 2309 la
1633 2277 1742 2310 forme

929 2320 975 2353 du
1002 2320 1163 2361 Pele'cus,
1195 2332 1258 2366 pas
1284 2326 1391 2356 meme
1419 2322 1621 2364 Saumaise,
1657 2322 1742 2356 dans

928 2377 972 2399 un
997 2366 1087 2420 petit.
1110 2367 1277 2411 Ouvrage
1308 2380 1373 2412 que
1408 2368 1493 2402 l'on
1510 2375 1634 2402 trouve
1658 2378 1742 2403 sous

929 2424 970 2446 ce
992 2413 1098 2453 titre,
1131 2412 1216 2447 dans
1245 2414 1480 2458 l'explication
1505 2415 1548 2447 de
1571 2416 1593 2448 2
1618 2414 1742 2447 inscri-

930 2459 1044 2503 ptions
1070 2459 1253 2493 anciennes
1279 2461 1432 2503 (Paris,
1458 2462 1560 2501 1619,
1597 2460 1741 2502 iri-4⁰„

928 2505 1019 2549 petit
1042 2505 1132 2547 vol.,
1160 2517 1242 2550 pag.
1264 2507 1385 2550 199.);
1421 2517 1483 2540 son
1509 2518 1650 2541 examen
1673 2507 1742 2540 cri-

928 2552 1025 2594 tique
1072 2562 1115 2584 ne
1157 2553 1271 2587 tombe
1320 2564 1386 2598 que
1425 2564 1483 2587 sur
1525 2552 1560 2589 la
1595 2553 1741 2598 Langue

929 2598 1105 2640 Grecque.

973 2649 1100 2691 „Nous
1129 2660 1272 2683 sommes
1304 2662 1345 2684 en
1380 2650 1473 2687 droit
1497 2649 1540 2684 de
1564 2653 1742 2696 presumat

928 2707 994 2740 que
1019 2695 1069 2728 les
1100 2697 1226 2729 haches
1261 2696 1322 2729 des
1356 2697 1550 2730 baisceaux
1574 2697 1741 2731 Romains

926 2741 1067 2775 avoieut
1091 2744 1257 2776 conserve
1290 2742 1322 2775 la
1355 2743 1464 2776 forme
1496 2743 1541 2776 du
1575 2743 1740 2785 Pelet-uu

926 2791 1019 2821 cette
1055 2799 1195 2832 marque
1230 2789 1273 2822 de
1303 2789 1432 2833 justice
1471 2794 1507 2823 et
1540 2789 1741 2830 d'autorite‚

927 2837 1129 2878 augmentee
1154 2845 1218 2879 par
1241 2835 1292 2868 les
1316 2835 1509 2868 Faisceaux
1535 2835 1578 2869 de
1602 2846 1742 2880 verges,

927 2880 1024 2913 avoit
1049 2881 1104 2913 ete
1129 2880 1260 2914 donnee
1285 2892 1350 2914 aux
1371 2881 1534 2915 Romaius
1557 2893 1624 2926 par
1645 2883 1741 2916 Tar-

925 2925 1008 2971 quin
1032 2925 1205 2968 l'Ancien‚
1230 2925 1289 2973 qui
1309 2926 1431 2963 l'avoit
1455 2930 1655 2974 empruntee
1679 2928 1739 2963 des
