1821 3288
524 93 1110 142 ΟΔῬΣΣΕῙΛΣ
1166 99 1212 138 Τ.

202 214 303 284 τῇσι
331 208 376 255 δ’
406 209 472 254 ἐνὶ
500 209 698 264 Κνωσός,
730 209 896 280 μεγάλη
919 207 1084 277 πόλις,
1102 206 1217 250 ἔνθα
1243 224 1289 252 τε
1318 211 1478 264 Μίνως
1528 240 1530 243 -
1566 209 1571 214 ’

204 268 419 322 ἐννέωρος
448 269 664 322 βασίλευε,
697 266 809 318 Διός
837 266 1028 322 μεγάλου
1057 262 1278 321 ὀαριστής,
1356 310 1357 313 ¹

93 331 174 373 180
202 324 367 378 πατρὸς
397 324 522 378 ἐμοῖο
551 341 708 397 πατηρ,
739 323 1002 396 μεγαθύμου
1028 323 1364 374 Δευκαλίωνος·

200 382 464 425 Δευκαλίων
493 379 537 424 δ’
569 382 642 437 ἐμὲ
670 383 798 433 τίκτε,
827 381 902 424 καὶ
927 380 1156 451 Ἰδομενῆα
1183 378 1365 423 ἄνακτα

120 439 142 460 ⁹
202 436 291 481 ἀλλ’
322 437 347 480 6
377 437 458 492 μὲν
485 437 535 480 ἐν
563 438 716 494 νήεσσι
745 439 1018 510 κορωνίσιην
1005 436 1138 480 Ἴλιον
1169 437 1271 479 εἴσω

149 495 170 518 *
199 493 334 563 ᾤχεθ’
367 493 444 549 ἅμ’
471 492 758 569 Ἀτρείδῃσιν·
773 495 890 566 ἐμοὶ
919 494 963 538 6’
993 494 1135 548 ὄνομα
1163 491 1329 536 κλυτόν
1362 493 1535 547 Λίθων,
1587 513 1594 517 ’

198 550 435 607 ὁπλότερος
462 556 604 611 γενεῇ,
634 552 659 598 6
690 552 733 597 δ’
765 551 855 610 ἄρα
884 551 1100 608 πρότερος
1127 550 1203 596 καὶ
1235 549 1412 606 α’ρείων.

26 731 69 770 δε
91 733 154 778 (h
178 733 233 778 v.)
255 731 346 776 τούς
369 733 588 778 πολεμικούς
614 733 728 792 λέγει,
761 732 836 771 ἆπό

25 781 96 816 τοῦ
127 779 325 821 ἀίσσοντας
357 779 645 821 κ.ε’1ιισείοντας
675 794 746 822 τας
774 779 837 816 uo'-

23 840 98 872 μας
121 828 286 872 (τρίχας)
310 826 350 862 ἐν
370 829 417 872 τῇ
437 829 707 873 περικεφαλαία
729 831 836 862 πολε-

24 877 129 918 μεῖν,-
147 874 228 908 ἴσον
246 873 298 919 τῷ
320 874 586 917 κορυθάϊκι
611 874 669 916 (ΙΙ.
686 872 730 917 χ’,
752 874 836 917 132)

26 927 94 955 etc.
121 920 331 964 Wesseling.
362 931 441 954 ann.
476 921 521 953 ad
545 919 646 954 Diod.
685 920 756 953 Sic.
782 922 837 960 11,

26 969 107 1003 79..
131 978 186 1008 „a
209 964 408 1010 quibusdam
433 964 495 1006 4,“
515 965 639 1009 inquit,
663 966 734 1008 „ab
760 965 837 999 aliis

17 1014 68 1055 Υ3,
93 1012 244 1046 Doricae
269 1012 335 1047 hae
359 1011 463 1043 urbes
487 1010 743 1055 (respublicae)
768 1023 838 1045 me-

25 1063 209 1099 morantur,
240 1056 291 1090 uti
310 1057 519 1101 Thucydide
545 1059 579 1098 1,
605 1059 681 1093 107.
708 1063 745 1091 et
762 1058 838 1091 No-

24 1110 98 1138 stro
123 1115 196 1137 cum
222 1102 299 1144 hic,
333 1107 402 1136 tum
426 1102 449 1136 l.
475 1104 520 1144 4,
550 1103 635 1138 67.“
660 1103 834 1138 Mannert.

25 1152 73 1191 8.,
99 1161 135 1195 p.
158 1150 235 1185 679.
260 1149 304 1182 de
328 1148 597 1183 Eteocretibus:
625 1150 837 1191 „Vei-muth·

22 1195 91 1230 lich
115 1196 236 1231 kamen
261 1194 324 1236 sie,
347 1195 455 1228 sowie
478 1195 554 1229 ihre
578 1196 761 1238 Anssihoer,
788 1196 836 1239 (2

23 1253 57 1276 v.
77 1241 178 1276 Diod.
198 1243 234 1285 5,
254 1241 330 1284 64.)
355 1241 412 1274 die
428 1241 613 1286 Daktylen,
639 1253 699 1276 aus
721 1243 835 1288 Phry-

21 1288 116 1333 gien,
144 1287 212 1321 und
231 1287 294 1321 der
311 1287 572 1330 Vfflkerstamm,
607 1300 651 1322 zu
670 1289 835 1325 welchem

20 1334 73 1368 sie
111 1335 302 1377 gehiirten,
343 1333 391 1366 ist
421 1333 484 1367 der
515 1334 720 1369 thracische.
769 1335 836 1369 Die

21 1380 219 1424 Kydonicr,
258 1379 391 1414 welche
423 1380 552 1414 Homer
587 1382 697 1414 neben
731 1380 835 1414 ilinen

21 1432 169 1468 ansetzt,
198 1426 279 1460 darf
293 1436 370 1460 man
390 1427 482 1460 wohl
509 1437 573 1460 nur
597 1427 647 1460 als
671 1426 747 1461 eine
767 1427 836 1460 Ab-

20 1472 178 1518 theilung
207 1472 270 1507 der
288 1472 496 1505 Eteokretes
519 1473 736 1507 betrachten.
760 1473 835 1517 (⁴²)

22 1518 78 1554 zu
102 1519 230 1555 diesem
256 1518 410 1553 Urvolke
434 1530 553 1552 waren
579 1520 601 1553 5
627 1519 834 1552 Menschen-

21 1565 112 1599 alter
134 1576 198 1598 vor
233 1565 309 1599 dem
338 1565 570 1609 trojanischen
596 1565 729 1610 Kriege
754 1566 834 1609 (sic

20 1611 125 1646 etiam
148 1611 477 1645 Bredow.11andb.
503 1612 566 1645 der
589 1612 686 1646 alten
711 1612 833 1645 Gesch.

19 1668 58 1715 p.
81 1658 175 1702 281)
214 1657 580 1702 Achaer,Pe1asger
613 1658 683 1692 und
721 1658 835 1692 Dorer

21 1704 294 1749 eingewandert.
316 1724 360 1729 —
386 1705 445 1738 ΑΙ5
472 1704 643 1737 Anfuhrer
666 1704 728 1738 der
752 1715 835 1738 ver-

21 1751 193 1795 einigten,
225 1762 293 1784 von
317 1750 386 1784 den
409 1750 604 1794 Gegenden
637 1750 698 1784 des
722 1750 834 1794 Berge

21 1798 192 1842 Olympus
224 1797 260 1831 in
291 1796 495 1830 Thessaiien
531 1796 833 1838 einwandernden‚

21 1843 162 1882 Haufen
192 1842 281 1879 wird
307 1843 518 1881 Tektanms‚
553 1843 617 1875 der
640 1842 735 1876 Sohn
772 1843 834 1875 des

21 1890 139 1925 Dorus·
175 1889 246 1922 und
279 1888 421 1922 Heuens
453 1887 587 1930 Enkel,
634 1888 834 1933 angegeben

22 1935 152 1979 (Diod.
175 1934 220 1976 4,
245 1935 334 1978 60);
368 1934 527 1968 wien-oh!
563 1934 691 1969 andere
713 1934 834 1968 Nach-

21 1981 154 2016 richten
178 1980 306 2024 (Diod.
334 1982 378 2022 5,
401 1982 465 2024 80)
489 1980 547 2013 ibn
572 1992 637 2013 nur
662 1992 738 2014 zum
763 1982 835 2013 Αιι-

23 2025 144 2062 ffihrer
165 2027 229 2061 der
252 2026 482 2060 hellenischen
506 2026 652 2070 Zweige
681 2027 835 2067 macheu,

23 2073 81 2110 die
105 2073 272 2117 Pelasga:
303 2074 386 2106 aber
419 2073 470 2106 als
502 2073 642 2106 frfihere
667 2072 834 2107 Einwan-

16 2120 126 2167 ‚deret
156 2121 350 2154 erklziren“
383 2122 450 2153 etc.
483 2119 586 2152 Diod.
614 2119 683 2153 Sic.
708 2121 742 2160 5,

22 2185 70 2192 -
93 2166 185 2210 μετὰ
219 2164 262 2200 δὲ
294 2163 453 2205 τούτους
476 2165 712 2209 (Eteocr-etes
737 2121 833 2206 dicioti

23 2223 164 2258 quorum
196 2223 259 2248 rex
292 2211 397 2245 fuisse
434 2211 564 2246 dicitur
597 2211 703 2252 Cres,
736 2211 833 2245 Jovis

21 2270 66 2293 ex
99 2259 248 2304 nympha
281 2258 386 2292 Idaea
419 2258 530 2295 fi'ius.
575 2268 610 2291 v.
645 2257 832 2292 Hederich.

20 2305 127 2349 myth.
161 2306 245 2340 Lex.
275 2315 310 2340 v,
344 2305 462 2348 Cres.)
500 2306 652 2345 πολλαῖς
690 2307 834 2348 γενεαῖς

19 2350 175 2396 υστερον
199 2350 382 2394 Πελασγοὶ
405 2348 653 2393 πλανώμενοι,
679 2351 743 2386 διὰ
765 2349 833 2390 τὰς

22 2401 185 2443 συνεχεῖς
192 2399 392 2442 στρατείας
408 2411 440 2434 κ.
449 2397 736 2440 μεταναστάσεις
747 2410 832 2431 κατ-

21 2445 244 2490 αντήσαντες
269 2445 322 2484 εἰς
346 2443 414 2489 τὴν
433 2443 597 2489 Κρήτην,
623 2445 690 2488 τῆς
712 2443 829 2491 νήσου

21 2492 134 2537 μέρος
153 2491 380 2547 κατῴκησαν.
411 2493 540 2534 τρίτον
564 2489 604 2525 δὲ
627 2491 732 2536 γένος
757 2503 831 2548 φα-

21 2538 59 2574 σὶ
88 2538 170 2574 τῶν
192 2537 376 2594 Δωριέων
407 2540 637 2593 παραβαλεῖν
673 2539 725 2577 εἰς
762 2536 831 2581 τήν

20 2585 156 2630 νῆσον,
182 2581 385 2629 ἡγουμένου
414 2584 632 2629 Τεκτάμου,
654 2585 721 2619 τοῦ
747 2583 832 2620 Δώ-

20 2645 104 2676 ρου.
136 2631 276 2667 τούτου
319 2631 358 2667 δὲ
391 2632 458 2666 τοῦ
492 2633 587 2666 λαοῦ
619 2633 731 2690 μέρος
763 2630 831 2675 μὲν

19 2682 151 2716 πλεῖον
188 2677 449 2722 ἀθροισθῆναι
479 2679 645 2734 λέγουσιν
682 2677 721 2713 ἐκ
755 2690 832 2713 των

19 2727 103 2770 περὶ
126 2724 193 2760 τὸν
202 2723 399 2783 ἶΟλυμπον
417 2722 621 2767 τόπων,τὸ
646 2724 688 2761 δέ
710 2738 747 2760 τι
771 2723 830 2769 μέ-

20 2785 86 2816 ρος
109 2771 148 2808 ἐκ
172 2784 248 2806 των
271 2771 366 2807 κατὰ
388 2771 457 2817 τήν
480 2771 700 2830 Λακωνικὴν
722 2770 832 2816 Ἀχαι-

19 2820 84 2862 ὢν,
109 2817 173 2855 διὰ
193 2818 236 2852 τὸ
249 2819 326 2863 τὴν
345 2816 525 2862 ἀφορμὴν
548 2817 615 2855 τὸν
633 2820 768 2863 Δῶρον
793 2816 832 2853 ἐκ

16 2878 93 2901 των
115 2866 202 2911 περὶ
229 2865 383 2902 Μαλέαν
411 2865 538 2901 τόπων
566 2867 733 2911 ποιῆσαι.
776 2864 833 2900 τέ-

19 2925 155 2969 ταρτον
186 2909 226 2947 δὲ
250 2913 354 2958 γένος
377 2911 607 2957 συμμιγῆναί
631 2924 749 2957 φασιν
780 2912 834 2953 εἰς

17 2972 87 3004 την
111 2957 262 3006 Κρήτην
296 2958 467 3006 μιγαδων
506 2958 725 3008 βαρβάρων,
758 2959 835 2995 τῶν

884 731 949 769 διὰ
971 729 1038 770 τὸν
1060 731 1195 777 χρόνον
1218 730 1523 791 ἐξομοιωθέντων
1546 729 1593 777 τῇ
1615 731 1698 767 δια-

882 779 994 823 λέκτῳ
1029 783 1106 820 τοῖς
1149 779 1335 824 εγχωρίοις
1358 777 1511 824 Ι’Έλλησι
1552 783 1627 813 etc.
1661 788 1697 810 v.

883 825 1017 859 omnino
1032 826 1222 871 scriptores
1239 838 1347 860 rerum
1363 826 1589 879 Οιεῑίοειιζιιιιι,
1610 833 1698 868 quos

882 871 1023 905 laudavi
1047 883 1124 905 ann.
1150 871 1194 905 ad
1212 872 1253 905 ΙΙ.
1313 873 1427 911 6,45.
1462 870 1561 905 nimis
1584 870 1697 903 confi-

883 917 1005 951 denter
1040 917 1181 961 Knight.
1215 918 1260 952 ad
1296 919 1400 953 177.:
1439 918 1504 959 „1⁴3
1539 921 1697 961 postero-

882 975 968 1007 rum,
981 966 1006 984 ‘⁶
1030 963 1165 1008 inquit,
1200 975 1342 1008 „pravo
1367 962 1599 1008 amplificandi
1623 967 1699 995 stu·

884 1009 941 1043 dio
965 1010 1162 1055 profectus.-
1185 1009 1297 1044 Dores
1322 1009 1409 1043 enim
1435 1020 1502 1042 non
1524 1008 1588 1041 nisi
1612 1009 1699 1042 mul-

883 1060 920 1089 ta
946 1061 1026 1100 post
1050 1055 1166 1089 secula
1190 1055 1226 1089 in
1251 1055 1391 1089 Cretam
1420 1059 1600 1089 venerunt.
1614 1057 1637 1073 “
1664 1066 1698 1088 v.

884 1102 1047 1136 Bredow.
1076 1102 1100 1135 l.
1134 1113 1165 1134 c.
1197 1113 1231 1146 p.
1268 1102 1480 1137 281—285.
1514 1119 1556 1124 —-
1594 1100 1698 1133 Sch.:

883 1149 998 1183 δῖοι,
1034 1147 1071 1182 οἱ
1106 1146 1369 1191 εὐγενέστατοι.
1394 1147 1459 1191 (9)
1495 1158 1528 1182 v.
1552 1145 1698 1180 inferius

883 1195 961 1237 199,
987 1194 1027 1227 ΙΙ.
1055 1191 1095 1232 ε’,
1119 1194 1202 1238 451,
1226 1196 1308 1236 663,
1334 1192 1381 1234 α’,
1406 1192 1429 1228 4
1455 1197 1521 1226 etc.
1547 1210 1594 1216 —
1617 1193 1697 1237 τῇ-

881 1252 938 1275 σι.
960 1239 1123 1298 oppidis.
1148 1259 1196 1265 —
1233 1219 1444 1280 ΚνΗωσός.
1482 1239 1520 1272 ΙΙ.
1545 1239 1593 1294 β’,
1616 1240 1696 1274 646.

881 1307 928 1313 -
953 1285 1200 1343 ἐννέωρος
1226 1290 1311 1345 Ap.·
1337 1285 1510 1329 έννεωροι
1528 1283 1584 1329 (λ
1600 1285 1697 1328 310).

882 1333 1076 1374 ἐνναετεῖς.
1123 1330 1214 1369 όταν
1240 1332 1280 1369 δε
1313 1332 1406 1378 λέγει
1434 1332 1696 1377 (soloecismus,

881 1380 925 1413 de
949 1391 1016 1425 quo
1041 1391 1073 1413 V.
1099 1380 1234 1414 JacobS.
1266 1381 1378 1425 praef.
1402 1377 1540 1412 Anthol.
1564 1377 1635 1411 Pal.
1660 1389 1695 1422 p.

881 1426 937 1462 48.
969 1430 1005 1461 et
1027 1427 1145 1471 sequ.)
1183 1425 1222 1461 ἐν
1251 1427 1296 1471 τῇ
1331 1440 1351 1460 π
1363 1425 1448 1483 τῆς
1476 1423 1697 1464 Ὀδυσσείας

882 1472 1004 1508 ἔνθα
1026 1484 1073 1507 τε
1098 1491 1140 1497 -
1167 1469 1423 1517 ὀαριστής,
1453 1468 1508 1506 δι’
1533 1469 1638 1506 ἐννέα
1660 1467 1696 1505 ἐ-

880 1531 955 1555 των
990 1518 1104 1562 λέγων
1128 1519 1269 1564 (λέγει)
1293 1520 1344 1565 τῷ
1368 1518 1436 1553 Διὶ·
1457 1520 1695 1562 προσομιλεῖν

880 1565 989 1610 (adde
1006 1568 1156 1607 Μίνωα,
1175 1566 1266 1624 quod
1284 1566 1441 1610 rapuerit
1457 1565 1570 1601 simile
1586 1575 1693 1608 -μι·

881 1613 998 1656 λεῖν),
1031 1609 1056 1657 ἢ
1080 1610 1186 1648 ἐννέα
1222 1611 1284 1656 ε’τη
1318 1609 1522 1669 βασιλεύων
1547 1611 1695 1655 (-ειν).

879 1658 1020 1703 λέγεται
1050 1657 1121 1705 γάρ
1157 1656 1177 1694 ὁ
1212 1660 1345 1700 Μίνως
1378 1656 1435 1694 δι’
1466 1655 1573 1693 ἐννέα
1602 1657 1696 1693 ἒτωυ

879 1705 1096 1749 συμμίσγειν
1120 1707 1172 1753 τῷ
1195 1705 1263 1740 Διὶ·
1291 1719 1325 1740 κ.
1351 1703 1535 1749 ὀαρίζειν,
1573 1717 1594 1739 ο
1618 1703 1696 1740 ἐστι.

879 1754 1137 1795 προσομιλεῖν,
1174 1752 1246 1788 εἴτε
1278 1753 1450 1794 μυθικως
1481 1751 1573 1792 τοῦ,
1603 1747 1695 1786 οὔδε

880 1799 1080 1842 διδομένου
1103 1797 1229 1841 (scrib.
1256 1799 1327 1833 εἴτε
1350 1800 1442 1842 μυθ.
1467 1798 1579 1832 τοῦδε
1603 1795 1696 1843 ‹230-

878 1845 995 1888 μένου
1007 1845 1180 1888 [ΑΙΔΟ.
1194 1847 1338 1886 ⁷3NOY,
1354 1844 1695 1888 AIAOMENOTJ,

880 1897 920 1925 ut
943 1902 977 1925 v.
1001 1890 1123 1926 αειδεε
1162 1898 1305 1925 ιὸοντα
1327 1893 1475 1934 μῦθον,
1510 1889 1593 1926 αντὶ
1623 1890 1696 1925 τοῦ

879 1937 1033 1982 λέγοντα
1056 1938 1154 1981 eta),
1189 1938 1262 1972 εἴτε
1285 1938 1348 1972 και
1371 1939 1423 1983 τῷ
1447 1935 1538 1979 ὄντι,
1562 1936 1695 1978 καθώς

878 1996 976 2024 τινες
998 1983 1197 2027 παραδεᾶω’
1202 1995 1284 2018 κασι
1318 1983 1384 2019 τόν
1409 1986 1549 2019 Μίνωα
1577 1994 1694 2040 προσ-

878 2030 1107 2074 ποιούμενον
1131 2028 1223 2087 πρὸς
1247 2028 1336 2071 τοὺς
1360 2028 1606 2087 ἀρχομένους,
1634 2028 1695 2066 ὅτι

879 2076 998 2134 παροὶ
1005 2079 1076 2112 τοῦ
1100 2076 1194 2117 Διὸς
1219 2076 1328 2120 φέροι
1357 2090 1403 2112 τα
1428 2075 1694 2122 προστάγματα

877 2137 911 2160 κ.
935 2122 1025 2164 τοὺς
1047 2122 1181 2180 λόγους
1205 2122 1347 2166 αὐτοῖς,
1380 2137 1429 2164 ως
1451 2125 1591 2167 μαλλον
1614 2125 1693 2159 πεί-

879 2173 1036 2206 θωνται.
1086 2167 1318 2214 ὀαριστής
1342 2169 1382 2205 δε
1415 2167 1604 2215 ὁμιλητής.
1643 2170 1693 2204 si-

879 2218 1006 2258 militer
1030 2217 1062 2250 E
1095 2222 1132 2250 et
1154 2216 1258 2257 Sch,
1292 2218 1382 2260 apud
1414 2228 1515 2274 quem
1547 2216 1692 2251 delenda

880 2269 960 2298 sunt
994 2264 1133 2297 verba.
1148 2262 1184 2297 οἱ
1221 2262 1260 2297 δὲ
1293 2262 1356 2298 ὅτι
1396 2281 1442 2289 -
1480 2262 1691 2308 ἐπαιδεύθη

880 2315 1025 2356 propter
1047 2311 1302 2353 ταυτολογιαν.
1327 2328 1373 2334 ·--
1404 2321 1487 2355 κορ
1501 2312 1586 2345 ωνί
1599 2321 1618 2345 σ
1633 2322 1689 2345 ιν.

881 2358 960 2397 193,
988 2356 1026 2390 ll.
1051 2354 1097 2397 α’,
1125 2358 1192 2390 170
1215 2361 1282 2390 etc.

928 2404 1005 2437 183.
1046 2402 1098 2436 ita
1120 2402 1253 2445 vulgati
1278 2401 1378 2435 codd.
1404 2403 1439 2436 et
1460 2401 1529 2441 E.;
1564 2401 1623 2435 sed
1649 2402 1691 2447 A:

877 2450 931 2487 2..
953 2447 1095 2490 κλυτός.
1137 2448 1217 2481 Sch.
1244 2459 1401 2492 quoque:
1434 2446 1578 2482 κλυτό
1593 2461 1621 2488 ς.
1660 2460 1689 2492 ω

877 2494 1060 2541 ἔκλυόμην
1093 2506 1124 2528 κ.
1160 2493 1370 2552 ἐκαλούμην
1403 2491 1568 2537 ὀνόματι.
1608 2493 1690 2527 item

878 2546 952 2576 Am.
975 2542 1017 2575 B.
1042 2541 1198 2575 emend..

878 2587 1062 2633 ἐκλυόμην
1095 2600 1127 2622 κ.
1163 2585 1390 2642 έκαλούμην
1396 2584 1564 2629 ὀνόματι.

878 2635 1072 2669 dubitemus
1096 2645 1226 2678 ponere
1257 2646 1325 2677 εγω
1352 2629 1390 2668 6³
1416 2631 1537 2674 ὄνομα
1559 2631 1690 2672 κλυτὸς

876 2682 1027 2722 Αἴθων,
1053 2680 1179 2724 quibus
1201 2680 1318 2714 verbis
1342 2679 1550 2713 conveniunt
1571 2678 1689 2723 subje-

876 2732 932 2762 cta
976 2725 1176 2768 ὁπλότερος
1217 2726 1354 2772 γενεῇῒ
1400 2725 1556 2760 similiter
1597 2724 1690 2770 apud

877 2774 987 2818 Soph.
1012 2772 1203 2841 Oed.C01.
1231 2772 1310 2807 8-44
1358 2771 1386 2804 A
1412 2771 1523 2806 Paris.
1555 2774 1591 2806 et
1614 2771 1689 2816 pri-

1237 2538 1390 2584 ὄνομα
1421 2538 1603 2580 κλυτός
1640 2538 1691 2580 ὡς

1606 2585 1690 2642 quid

1491 2816 1717 2829 ......

878 2878 944 2901 nec
977 2866 1045 2900 alia
1078 2866 1195 2900 harum
1226 2865 1418 2899 litterarum
1441 2830 1687 2909 permiitarum

879 2913 1036 2958 exempla
1061 2911 1196 2946 desunt,

929 2960 1007 3001 184,
1030 2959 1065 2995 5.
1104 2949 1367 3003 ὁπλότερος
1388 2956 1540 3004 γενεῇ.
1575 2955 1617 2991 11.
1638 2952 1684 3003 β’,
