1821 3288
525 82 1114 126 ΟΔΤΣΣΕΙΑΣ
1173 84 1219 123 Τ.

926 0 946 10 x

1620 85 1703 127 135

95 201 178 241 380
208 194 338 246 ἄλλος
370 193 416 238 δ’
450 189 553 238 αὖτέ
584 209 648 246 τις
679 188 812 245 οὗτος
843 191 999 249 οἷνέστη
1029 191 1321 247 μαντεύεσθαι

205 251 295 296 ἀλλ’
327 253 367 294 εἴ
392 253 468 306 μοί
494 268 536 294 τι
563 252 740 304 πίθοιο,
769 251 819 294 τό
849 267 925 294 κεν
953 249 1068 293 πολὺ
1096 249 1274 303 κέρδιον
1309 252 1389 307 εἴη,

204 307 309 359 τοὺς
338 309 505 360 ξείνους
540 307 588 351 ἐν
625 309 702 364 νηῒ
742 309 1001 378 πολυκληϊδι
1029 307 1236 377 βαλόντες

204 365 248 416 ἐς
278 365 493 417 Σικελούς
520 364 770 420 πέμψωμεν,
801 362 908 408 ὅθεν
936 363 984 407 κέ
1012 380 1080 408 τοι
1109 361 1234 416 ἄξιον
1267 361 1442 418 ἄλφοι“

33 487 153 531 ἐστιν,
176 487 300 535 ὗποδη
303 492 364 525 toz
385 486 425 524 δὲ
449 488 516 525 τὸν
539 487 728 545 βουγάιον.
768 488 845 523 cl.-

34 561 58 578 ,,
68 536 119 570 ita
155 537 198 570 de
229 548 267 570 se
301 536 377 591 ipso
413 536 564 571 Achilles
600 535 844 579 11.o'‚104.=

35 580 117 617 ἄλλ’
142 577 235 625 ἦιιαι
258 581 360 625 παρὰ
382 583 487 627 ιηυσὶ
493 596 512 618 ν
549 580 700 619 ἐτώσιον
726 580 846 626 ἄχθος

33 626 209 673 οἷρούρης.
255 629 415 663 similiter
441 629 622 664 Nicander
648 630 846 674 Θηριακῶν

34 686 138 709 versu
171 677 223 710 9.·
259 673 444 719 ἓρπηστοὶς
477 687 497 710 τ
544 674 652 720 ,ἔχιάς
683 688 739 717 τε,
783 675 845 710 καὶ

34 718 155 765 αχθεα
178 722 294 764 μυρία
317 724 437 777 γαίης,
468 727 503 756 et
525 723 626 758 Plato
650 723 844 756 Theaeteto

33 779 68 813 p.
97 769 197 803 176.
235 782 294 802 οτι
319 765 364 803 οὗ
390 770 497 813 λῆροί
521 770 612 811 εἰσι,
647 768 715 813 γῆς
747 765 846 808 ἄλως

33 814 147 858 ἄχθη,
173 812 256 849 αλλ’
283 811 445 856 αιὸρες“
470 819 537 849 etc.

79 861 159 895 381.
196 861 341 895 formula
364 861 502 895 (1188ι1(11
539 859 749 906 persuadere
784 869 844 893 cu-

33 906 210 964 pientium.
234 919 269 942 v.
296 908 338 943 Il.
361 906 410 951 η’,
434 908 489 942 28
526 906 681 940 similiter
716 905 842 939 ibidem

32 953 110 987 48⁶
134 947 158 997 ἦ
182 951 231 997 ῥά
256 967 301 989 νυ
326 955 392 997 μοί
415 965 450 986 τι
473 953 630 992 πίθοιο,
661 951 843 994 cs.11.6‘‚

33 999 92 1039 93,
117 999 160 1040 ξ’,
189 1001 266 1035 190.

78 1045 165 1083 382,
195 1045 229 1080 3.
260 1045 564 1089 πολυκληὶδι.
595 1041 649 1087 ψ’,
686 1042 772 1085 324,
800 1043 841 1076 ΙΙ.

506 1090 555 1133 ἐς
589 1088 841 1131 Σικελούς.

30 1087 80 1136 β’,
114 1090 159 1124 74
193 1095 260 1125 etc.
295 1110 340 1116 -
371 1090 472 1124 8811..-

30 1133 284 1192 synestum*
261 1150 335 1179 αρα
353 1133 401 1172 τοὶ
419 1136 514 1172 κατα
536 1136 626 1178 τούς
645 1135 842 1177 Σικελούς·

31 1179 102 1218 οὐκ
125 1181 225 1224 εἰκὸς
247 1197 338 1227 ουν,
372 1182 448 1219 ἐκεῖ
470 1184 538 1229 τὴν
561 1183 704 1228 πλάνην
728 1185 844 1227 (81ϊο-

30 1240 87 1264 res
111 1228 283 1273 Ulyssis
274 1242 309 1264 m
332 1231 447 1264 reditu
474 1243 516 1265 ex
540 1231 631 1265 bello
658 1230 843 1274 Trojano)

29 1274 229 1329 γεγονέναι.
282 1277 397 1320 διαφ’
399 1289 524 1335 ρουσι
546 1276 587 1312 δε
622 1278 845 1312 Σικελιῶται

18 1321 213 1358 ·Σικελαῑν·
248 1323 283 1359 οἳ
315 1322 382 1366 μὲν
414 1336 484 1367 γαρ
507 1321 698 1368 “Ελληνες,
730 1323 767 1358 οὶ
803 1320 845 1357 δὲ

29 1369 226 1426 βάρβαροι.
271 1370 357 1404 haec
388 1371 484 1405 velut
517 1374 761 1404 commentatus
793 1369 844 1402 Ε.

29 1415 70 1451 ἐν
95 1414 134 1450 ὁὲ
149 1417 205 1471 τῷ
229 1413 272 1456 ἐς
295 1418 396 1450 Σικ.
421 1415 694 1461 πέμψωμεν,
719 1415 842 1459 inquit,

29 1460 101 1506 ὅρα
133 1458 182 1501 ὡς
215 1461 413 1506 ἐγίνωσκον
447 1463 482 1498 οἱ
507 1462 658 1498 παλαιοὶ
684 1461 843 1504 (veteres

28 1519 117 1542 nunc
150 1508 236 1542 dicit
267 1509 449 1543 Homerum
491 1514 527 1544 et
559 1510 636 1553 ejus
668 1507 842 1560 aequales,

28 1563 131 1589 secus
155 1561 261 1600 atque
286 1555 371 1589 alias
395 1555 506 1597 solet,
530 1567 605 1590 cum
631 1553 841 1588 Grammati-

28 1611 88 1635 cos
122 1600 372 1635 Alexandrinos
410 1606 447 1635 et
479 1613 518 1636 se
551 1600 766 1657 antiquiores
800 1611 841 1634 eo

28 1646 162 1682 nomine
186 1647 343 1706 appellat
363 1646 451 1683 κατ’
476 1645 638 1705 ἔξιιχήν.)
662 1660 750 1687 τους
775 1648 842 1681 Σι-

25 1691 168 1734 κελους.
215 1691 289 1735 διὸ,
313 1693 414 1739 εἰπερ
436 1693 513 1730 ἐκεῖ
527 1694 753 1729 ᾫπῖανᾶσθαι
775 1691 842 1729 τὸν

23 1736 211 1775 Ὀδυσσέα
236 1740 429 1783 ἱστορικοῖς
457 1739 607 1783 ἐδόξαζε
629 1740 691 1774 καὶ
717 1739 837 1784 (etiam

25 1785 120 1831 ipse,
151 1791 192 1820 ut
223 1786 300 1827 alii,
332 1799 353 1821 a
372 1787 512 1845 quibus
538 1788 567 1820 E
601 1786 792 1830 dissentit)
815 1782 838 1821 ’5

25 1831 206 1889 ποιητὴς,
239 1831 333 1876 εἶχεν·
357 1847 404 1868 αν
422 1830 751 1890 ἐπισημήιασθαι,
775 1832 838 1867 καὶ

25 1875 97 1914 ουίι
122 1875 168 1913 ἂν
190 1877 356 1924 ἐσίγησεν
390 1879 462 1915 νῦν
487 1878 527 1915 δὲ
539 1906 548 1923 ,
582 1892 632 1920 ως
655 1880 718 1914 καὶ
741 1891 836 1921 προ-

26 1924 164 1970 εῤῥέθη
188 1925 248 1968 (v.
282 1926 441 1981 inprimis
475 1938 553 1961 ann.
584 1925 630 1961 ad
654 1923 695 1967 ε’,
719 1926 775 1960 34.
801 1928 837 1959 et

25 1973 80 2008 35.
85 1974 114 2015 ),
126 1971 218 2007 ἑκών
234 1971 518 2017 τερατευόμενος
532 1971 834 2030 ποιητικώτερον,

23 2016 210 2061 ἐξετόπισε
233 2019 302 2063 τήν
322 2019 476 2063 πλάνην.
500 2018 563 2054 καὶ
588 2018 628 2054 ἐν
649 2021 729 2059 τοῖς
752 2017 835 2060 ἑξῆς

25 2063 67 2100 δε
91 2063 170 2108 (ω’,
193 2066 273 2109 211,
297 2066 379 2107 366,
402 2067 482 2102 389.
530 2065 702 2099 Sicaniam
728 2064 836 2098 nomi-

24 2115 86 2146 nat
108 2111 157 2146 ib.
179 2111 279 2156 307.)
318 2112 452 2158 Σικελή
476 2113 591 2157 γραῦς
625 2111 837 2165 ἱστορεῖται,

24 2154 117 2203 γυνὴ
162 2158 233 2193 τοῦ
267 2160 408 2194 Δολίου
443 2164 510 2193 etc.
567 2157 727 2192 assentiri
768 2168 836 2191 non

25 2215 160 2249 possum
185 2203 400 2249 Montbelio,
432 2205 491 2250 qui
522 2204 607 2238 haec
639 2203 835 2244 addubitat,

24 2250 228 2295 Siculosque
262 2251 342 2285 hinc
375 2252 548 2297 expellere
578 2254 737 2285 conatur.
785 2249 837 2283 sic

24 2300 136 2333 autem
170 2296 226 2331 vir
258 2297 476 2332 doctissimus
490 2297 774 2340 :-‚‚,Envoyons
786 2297 837 2329 les

25 2354 94 2377 autc
118 2343 287 2378 Siciliena.
327 2344 520 2379 Rochefort
543 2343 702 2397 (Homeri
724 2343 834 2376 inter—

25 2399 107 2480 pJes
137 2389 448 2451 francogallicus),
489 2391 550 2435 qni
589 2389 740 2424 soutient
776 2387 834 2433 qu'

62 2435 72 2468 Ι
97 2446 154 2468 558
184 2435 240 2470 n’a
261 2437 361 2482 point
383 2439 520 2482 voyage
549 2436 634 2471 dans
663 2436 714 2469 les
746 2445 835 2468 mers

26 2481 71 2515 (18
73 2447 220 2524 ySicile,
253 2488 290 2516 et
312 2483 372 2528 qui
402 2494 569 2530 repousse
598 2481 766 2527 l'opinion
791 2480 834 2515 de

26 2538 112 2561 ceux
134 2527 195 2572 qui
218 2529 423 2573 pretendent
438 2541 514 2585 que
544 2530 575 2563 le
600 2533 669 2562 mot
695 2529 834 2571 Θρινα-

24 2573 86 2608 uia
111 2573 196 2607 dans
220 2575 367 2610 Homere
390 2576 466 2612 doit
499 2575 696 2610 s'entendre
722 2576 766 2608 de
800 2574 848 2608 la-

19 2617 134 2653 Sicile
157 2620 303 2663 (881101.
340 2621 394 2656 8(1.
431 2634 453 2657 a
477 2623 606 2657 Buttm.
644 2621 680 2654 in
705 2620 835 2665 Odyss.

26 2662 68 2706 λ’,
92 2666 201 2709 106),
233 2665 392 2712 s'appuie
423 2669 468 2703 de
502 2680 542 2703 ce
567 2677 715 2711 passage
748 2677 835 2711 pour

25 2721 177 2757 prouver
200 2715 256 2758 qu'
267 2713 369 2747 Hom.
384 2714 590 2749 connaissait
611 2713 644 2748 le
668 2724 743 2746 nom
767 2724 835 2758 que

26 2761 128 2803 porte
152 2758 307 2802 aujourd
310 2760 368 2794 hui
399 2761 434 2795 la
457 2760 583 2801 Sicile,
615 2762 652 2793 et
679 2771 745 2804 que
769 2770 833 2804 par

27 2806 236 2849 consequent
269 2805 293 2838 il
328 2817 371 2839 ne
394 2806 512 2841 devait
535 2816 599 2850 pas
627 2805 661 2840 la
685 2816 834 2839 nommer

31 2849 225 2885 Thrinacie.
273 2850 314 2885 Je
348 2853 498 2898 reponds
532 2866 553 2887 a
586 2852 661 2886 cela
690 2864 758 2898 que
794 2863 834 2884 ce

27 2905 113 2940 pays
136 2897 277 2941 pouvait
302 2899 399 2933 avoir
433 2899 482 2932 les
515 2899 536 2932 2
562 2909 676 2932 noms:
714 2898 834 2931 Theo-

25 2941 111 2976 crite
137 2943 399 2988 (1(1.1,125,
430 2949 464 2980 et
489 2945 663 2988 28,18),
702 2943 832 2989 Virgile

892 487 1091 534 (Eclog.4,
1116 491 1149 532 1,
1174 489 1259 523 Aen.
1277 487 1311 528 3,
1336 487 1406 523 582
1431 488 1465 520 et
1490 484 1588 529 410),
1615 485 1703 520 0νί-

893 535 937 569 (18
961 536 1115 579 (Metam.
1141 536 1176 576 5,
1200 535 1263 570 361
1292 537 1327 568 et
1350 533 1451 577 476),
1477 532 1526 566 les
1552 532 1597 565 lui
1620 533 1704 566 don-

892 587 973 615 nent
997 581 1295 615 indifferernment.
1344 579 1395 612 Ce
1421 590 1504 623 pays
1529 590 1572 611 ne
1596 579 1706 612 serait

892 639 956 673 pas
980 628 1012 661 18
1036 628 1108 661 seul
1133 627 1192 673 qui
1232 631 1291 661 eut
1316 627 1418 671 porte
1451 626 1473 658 2
1498 636 1603 658 noms.
1653 625 1704 658 La

891 674 974 707 ville
998 674 1042 707 de
1070 673 1181 707 Priam
1215 684 1253 707 se
1285 683 1414 706 nomme
1449 675 1537 704 taur
1527 673 1562 703 rit
1588 671 1703 711 Troie,

891 721 1004 753 tantot
1028 720 1138 759 Ilion5
1164 719 1248 753 mais
1275 719 1363 752 Ilion
1386 719 1443 752 n'a
1467 717 1565 770 point
1591 717 1702 750 donne

890 766 922 799 le
947 776 1022 798 nom
1047 765 1090 799 de
1114 766 1259 811 peup!e,
1284 770 1320 798 et
1344 765 1388 799 de
1414 763 1517 797 Troie
1540 762 1636 796 seule
1661 775 1703 796 on

890 822 912 845 a
935 810 1001 844 fait
1024 811 1073 844 les
1101 812 1263 855 Troyens-
1299 811 1422 854 (certe
1444 806 1570 850 Ἰλιεῖς,
1598 809 1702 842 Ilien-

889 867 955 898 ses,
981 868 1046 889 non
1071 856 1216 900 Trojani
1234 863 1402 891 vocantur
1419 855 1621 900 generatim,
1641 855 1704 889 sed

890 903 1021 935 incolae
1045 902 1100 935 Ilii
1125 904 1228 947 pagi,
1262 914 1360 948 quem
1393 904 1502 937 πόλιν
1535 901 1703 947 appellati

886 949 989 992 jussit
1006 948 1199 982 Alexander
1222 949 1270 983 M.
1298 960 1332 983 v.
1350 948 1475 983 Cellar.
1505 950 1540 982 2.
1567 961 1600 993 p.
1626 949 1701 990 52.)

889 1014 934 1019 --
958 993 1021 1028 J'ai
1042 1005 1106 1028 une
1128 1000 1225 1028 autre
1242 1005 1421 1039 remarque
1446 993 1465 1027 ἐι
1482 994 1589 1027 faire:
1615 998 1703 1027 c'est

889 1039 973 1085 qu’il
992 1052 1042 1073 me
1064 1042 1261 1086 paraitfort
1282 1040 1699 1084 extraordinairequeles

890 1087 1128 1132 pretendants,
1141 1098 1225 1132 pour
1236 1098 1273 1121 se
1287 1086 1420 1120 defaire
1433 1086 1517 1119 d'un
1530 1086 1702 1119 niendiant

891 1139 927 1166 et
951 1132 1029 1166 d’un
1048 1132 1148 1166 devin
1172 1133 1271 1178 qu'ils
1292 1132 1495 1178 meprisent,
1515 1139 1663 1175 songem.
1680 1132 1700 1165 ξι

890 1179 941 1213 185
963 1190 1114 1223 envoyer
1135 1191 1175 1213 en
1199 1179 1325 1219 sicile,
1347 1178 1565 1213 c'est-a-dire
1588 1179 1607 1212 a
1626 1180 1701 1211 leur

889 1224 978 1258 faire
1011 1227 1261 1271 entreprendre
1297 1238 1342 1260 un
1375 1236 1511 1268 voyage
1542 1225 1584 1258 de
1621 1225 1701 1268 pres

890 1271 935 1305 de
969 1274 1035 1307 100
1069 1272 1187 1306 lieues.
1257 1272 1313 1306 On
1347 1271 1484 1316 concoit
1515 1282 1583 1316 que
1615 1271 1701 1304 dans

889 1328 956 1350 une
984 1318 1141 1351 occasion
1170 1319 1337 1362 pareille,
1370 1318 1538 1352 Antinous
1562 1328 1702 1350 menace

889 1375 933 1396 un
967 1363 1142 1398 mendiant
1169 1366 1212 1399 de
1245 1364 1422 1407 l'envoyer
1461 1364 1544 1398 chez
1578 1363 1613 1397 18
1648 1362 1700 1396 roi

888 1409 1068 1450 Echetus,
1100 1410 1184 1444 dont
1215 1411 1266 1445 les
1301 1411 1391 1443 etats
1424 1409 1554 1444 etaient
1586 1420 1644 1442 sur
1666 1410 1699 1442 18

890 1454 1067 1489 continent
1104 1459 1140 1489 et
1164 1468 1228 1501 par
1252 1458 1463 1500 consequent
1487 1466 1553 1500 peu
1586 1455 1698 1499 eloig-

889 1503 948 1534 nes
982 1501 1164 1546 d'Itliaque
1202 1502 1362 1547 (Odyss.
1398 1501 1448 1542 σ’,
1490 1502 1534 1536 83
1568 1503 1723 1546 seqq.).‹

887 1546 979 1582 Mais
1013 1559 1055 1581 en
1080 1547 1205 1582 Sicile!
1255 1548 1399 1589 Quelles
1422 1547 1585 1581 relations
1611 1559 1698 1592 pou-

887 1593 1005 1627 vaient
1029 1594 1158 1627 existet
1177 1599 1276 1628 entre
1300 1605 1357 1628 885
1380 1595 1403 1628 2
1427 1594 1540 1638 pays?
1573 1593 1699 1632 Quelle

887 1651 1018 1686 rancun
1050 1651 1148 1674 assez
1183 1641 1274 1675 forte
1309 1643 1371 1674 eut
1407 1642 1463 1674 ete
1489 1640 1632 1683 capable
1656 1640 1698 1674 de

887 1685 1129 1740 dedommager
1161 1686 1211 1720 les
1246 1685 1473 1732 ριέι8ιιι1ειιιι5
1501 1685 1603 1719 dune
1636 1698 1698 1720 na-

887 1732 1043 1777 vigation
1069 1734 1096 1765 si
1121 1732 1247 1778 longue
1281 1737 1316 1766 et
1350 1733 1380 1765 si
1404 1732 1588 1777 perilleuse
1612 1744 1698 1776 pour

885 1784 977 1813 cette
1001 1779 1168 1824 ‹Speque‘Z
1218 1778 1476 1812 Certainement
1511 1778 1535 1811 il
1559 1790 1581 1822 y
1607 1790 1626 1812 a
1651 1779 1698 1812 ici
1745 1785 1747 1789 ’

884 1835 1002 1858 erreur
1028 1825 1072 1858 de
1097 1836 1174 1858 nom
1199 1836 1242 1858 ou
1267 1824 1529 1869 d'explicati0n3
1556 1825 1638 1858 mais
1660 1825 1697 1868 je

883 1881 927 1904 ne
946 1870 1021 1916 puis
1046 1882 1088 1904 en
1114 1871 1298 1904 decouvrir
1324 1871 1354 1904 la
1380 1873 1538 1904 source.“
1575 1877 1611 1904 at
1635 1882 1698 1904 na-

882 1916 1087 1970 vigaverant
1121 1916 1250 1951 Graeci
1282 1917 1445 1960 Trojam,
1487 1916 1579 1949 navi
1570 1918 1696 1959 rabant

881 1961 916 1995 in
941 1963 1103 2004 Cretam,
1136 1963 1172 1996 in
1196 1964 1413 2008 Aegy-:ptum
1449 1962 1567 2008 quidni
1593 1963 1695 1997 etiam

882 2008 917 2041 in
941 2008 1092 2042 Siciliam
1118 2009 1266 2054 profecti
1291 2009 1423 2043 fuerint
1447 2020 1695 2062 nonnunquam,

882 2059 1108 2088 mercaturam
1153 2055 1344 2095 facientes,
1391 2055 1447 2088 vel
1499 2055 1695 2110 rapinarum

882 2111 999 2143 causa,
1035 2101 1131 2134 velut
1155 2101 1304 2146 Taphii,
1337 2101 1380 2134 de
1415 2100 1539 2146 quibus
1571 2101 1614 2135 ad
1646 2100 1694 2143 α’,

883 2146 992 2182 1052
1035 2146 1083 2180 ibi
1119 2147 1211 2181 haud
1245 2147 1347 2181 dubie
1371 2147 1569 2181 Ithacenses
1605 2159 1695 2182 eme-

881 2196 981 2234 rant,
1016 2192 1072 2226 vel
1096 2193 1130 2226 vi
1155 2193 1234 2227 inde
1259 2194 1496 2235 abduxerant,
1542 2193 1693 2228 Siculam

881 2238 972 2273 illam
998 2250 1110 2281 anum,
1138 2239 1229 2273 Dolii
1255 2251 1406 2284 uxorem,
1431 2241 1526 2284 cujus
1544 2240 1584 2273 fit
1601 2252 1693 2275 men-

882 2285 931 2319 tio
956 2285 1043 2319 libro
1067 2285 1147 2327 24,
1173 2285 1257 2321 locis
1281 2297 1387 2332 supra
1412 2286 1548 2327 citatis;
1583 2299 1694 2340 eoque

881 2342 971 2366 nunc
995 2330 1093 2377 proci
1119 2313 1244 2376 eiicere
1268 2332 1387 2366 volunt
1420 2332 1551 2366 invisos
1576 2332 1692 2377 hospi-

880 2381 958 2419 tes,
996 2388 1064 2421 quo
1089 2388 1189 2421 quam
1212 2377 1410 2422 longissime
1440 2378 1553 2412 absint
1587 2379 1629 2412 ab
1662 2379 1692 2412 i-

880 2422 973 2478 psis,
996 2422 1201 2468 venditique
1221 2424 1344 2458 Siculis
1362 2424 1516 2469 cogitare
1541 2424 1584 2457 de
1608 2426 1692 2458 red—

880 2470 931 2503 itu
963 2480 1030 2503 non
1055 2471 1200 2514 possint
1242 2471 1335 2516 quod
1361 2472 1486 2504 attinet
1513 2471 1556 2505 ad
1580 2471 1691 2505 locum

880 2515 972 2549 illum
997 2515 1041 2549 de
1069 2515 1198 2550 Echeto
1228 2528 1332 2561 rege,
1357 2528 1422 2551 non
1447 2516 1590 2562 simplex
1614 2522 1691 2551 tan-

880 2566 950 2595 tum
982 2561 1154 2607 profectio
1187 2562 1236 2596 ibi
1270 2563 1406 2607 agitur,
1442 2568 1501 2596 aut
1525 2563 1690 2603 mnditio,

880 2607 940 2641 sed
973 2607 1178 2661 supplicium
1202 2608 1332 2650 dirum,
1369 2619 1436 2653 quo
1467 2608 1562 2642 affici
1595 2609 1692 2654 cupit

880 2654 969 2687 Irum
1003 2652 1171 2698 impotens
1201 2655 1275 2689 irae
1307 2655 1492 2696 Antinous,
1525 2655 1691 2710 pessimus

881 2710 1075 2753 procorum.
1091 2719 1135 2724 —
1162 2699 1278 2736 σθεν
1302 2721 1341 2726 -—
1371 2698 1465 2744 &imp
1476 2712 1530 2735 οι.
1558 2698 1600 2741 σ’,
1621 2700 1689 2737 452

881 2751 949 2780 etc.
995 2745 1103 2779 minus
1126 2745 1214 2781 bene
1238 2747 1316 2783 MS.
1341 2747 1496 2781 Thomae
1519 2741 1688 2804 BentleJi.

879 2789 913 2829 ό.
936 2789 976 2827 κε’
999 2805 1054 2833 τις
1078 2791 1114 2826 ἄ.
1140 2791 1175 2827 ἅ
1208 2792 1359 2835 ἄξιον,
1385 2791 1491 2835 αξιον
1517 2806 1628 2833 ωνον,
1653 2798 1690 2827 ut

880 2838 931 2873 ait
965 2836 1008 2880 σ’,
1038 2839 1121 2874 387.
1157 2842 1192 2873 et
1224 2840 1319 2874 alias.
1366 2840 1439 2873 Αιιι.
1463 2840 1522 2874 Β..
1548 2837 1690 2882 άξιον

880 2883 1041 2929 ἄλφοι.
1090 2880 1197 2928 (ἰξίαν
1222 2883 1324 2931 εὕροι
1350 2883 1460 2932 τιμήν
1485 2884 1507 2932 ἡ
1535 2886 1611 2922 τῶν
1636 2885 1689 2931 ξέ

881 2943 956 2968 νων
982 2931 1125 2977 πρᾶσις.
