1821 3288
524 96 1106 141 ΟΛΥΣΣΕΙΑΣ
1162 96 1217 137 Φ.

220 213 327 268 οἴκῳ
357 210 405 254 ἒν
429 207 699 264 Ὀρσιλόχσιο
730 209 998 279 δαΐφρονος.

220 256 331 324 ἦλθε
362 267 466 322 μετοὲ
499 271 664 322 χρεῖος,
694 265 745 308 τό
777 265 831 317 ῥά
863 266 907 307 οἱ
937 265 1020 314 πᾶς
1050 266 1188 317 δῆμος
1217 260 1391 315 ὄφελλε·

222 328 336 380 μῆλα
365 341 447 378 γαρ
478 323 521 375 ἐξ
548 323 719 377 Ἰθάκης
750 320 997 391 λᾺεσσήνιοι
1026 318 1184 386 α’νδρές
1213 317 1368 373 ἄειραν

221 381 356 450 νηυσὶ
381 379 639 434 πολυκλήισι
668 377 898 447 τριηκόσι’,

136 443 194 483 20
223 454 311 481 των
341 436 459 480 ἕνεκ’
483 436 660 505 ἐξεσίην
683 434 851 492 πολλὴν
881 412 989 478 ‹3662›
1019 429 1155 488 ἦλθεν
1178 429 1438 481 Ὀδυσσεὺς,

220 493 407 544 παιδνὸς
436 491 522 535 ἐών
554 491 660 546 (πρὸ
691 492 777 547 γάρ
808 493 883 547 ἡκε
912 490 1075 546 πατὴρ,
1104 489 1230 532 α’λλοι
1258 504 1303 531 τε
1331 486 1579 545 γέροντες)·

209 550 375 605 Ἴφιτος
405 545 513 592 αὖθ’
545 551 705 598 ι’ππους
735 548 980 603 διζήμενος,
1012 548 1062 590 αἴ
1087 563 1130 589 οι
1163 545 1345 597 ὄλοντο,

219 607 389 650 δώδεκα
417 606 617 662 θήλειαι,
646 605 733 649 υπὸ
766 604 810 648 δ’
842 605 1021 661 ἡμίονοι
1049 602 1302 656 ταλαεργοὶ,

219 667 265 706 αι
295 663 349 718 δή
380 679 424 706 οι
452 665 527 706 καὶ
555 663 699 706 ε’πειτα
731 661 870 717 φόνος
899 663 972 704 καὶ
1002 666 1134 729 μοῖρα
1163 659 1372 715 γένοντο,

131 723 188 767 25
218 720 365 792 ἐπειδη
397 720 506 772 Διὸς
538 720 642 763 υἱὸν
673 719 853 774 ἄφίκετο
882 716 1237 771 καρτερόθυμον,

218 776 360 848 φῶθ’,
388 775 632 832 Ἡρακλῆα,
667 775 866 844 μεγάλων

217 834 268 884 ὅς
299 851 373 889 μιν
405 836 547 885 ξεῖνον
576 833 703 876 ἐόντα
733 831 992 874 κατέκτανεν
1023 830 1054 885 ᾧ
1085 829 1149 872 ἐνὶ
1183 832 1305 887 οἴκῳ,

220 891 432 946 σχέτλιος,
464 890 569 934 ου’δὲ
599 892 718 933 θεῶν
751 887 852 932 ὄπιν
881 874 1061 944 ῃδὲσατ’
1066 917 1078 941 ,
1113 884 1215 929 οὐδε
1245 874 1485 940 τράπεζαν,

41 1047 115 1092 πρὸ
158 1048 226 1092 τῆς
266 1046 343 1082 τιιῗν
382 1044 631 1090 Ἡρακλειδῶν
668 1044 854 1083 καθόδου.

43 1096 262 1155 (hexameter
304 1095 531 1152 spondiacus,
583 1098 622 1127 ut
661 1094 704 1138 χ’,
755 1095 853 1138 175.)

42 1142 158 1184 οἴκῳ
192 1140 242 1175 ἐν
270 1138 390 1183 ’.Ορσ
426 1139 464 1175 ἐν
503 1143 637 1183 Φεραῖς
662 1142 852 1184 (Φηραῑς)

41 1187 210 1221 Strabol.
224 1199 254 1222 c.
271 1187 355 1230 (vol
367 1188 467 1240 2.,[1.
480 1188 570 1227 193„
589 1188 642 1221 ed.
654 1188 852 1243 Tauchn.):

40 1233 107 1277 τῆς
138 1234 263 1277 Φηρῆς
285 1231 352 1274 τὴν
377 1246 500 1276 χωραν
523 1232 626 1277 λέγει.
658 1251 704 1258 -—
738 1233 777 1267 αἱ
810 1231 851 1267 δὲ

44 1280 164 1324 Φηραὶ
189 1279 255 1324 τῆς
279 1281 492 1324 Μεσσηνίας
517 1280 597 1314 εἰσί.
646 1291 680 1315 v,
702 1291 780 1313 anu.
806 1280 851 1315 ad

74 1352 84 1368 ,
108 1327 189 1361 488.

40 1339 63 1372 2³
90 1373 257 1407 17-22.
305 1373 485 1416 χρεῖος,
511 1371 673 1405 debitum.
699 1369 745 1410 α’,
771 1370 850 1406 409.

40 1438 87 1444 -
121 1416 309 1461 ἄειραν,
354 1419 585 1475 sustulerant,
622 1418 849 1451 abstulerant.

40 1464 154 1499 Palat.
189 1471 225 1498 et
248 1465 348 1498 Sch.:
382 1462 523 1504 ἄειραν.
561 1464 631 1498 νῦν
664 1463 850 1508 ἥρπασαν.

136 1512 261 1552 ,312,
289 1509 332 1551 ν’,
359 1511 425 1546 117
449 1516 515 1544 etc.
540 1529 586 1534 —-
617 1510 850 1555 πολυκλή-

40 1560 119 1591 ἰ’σι.
166 1557 205 1590 11.
230 1555 275 1602 β’,
300 1556 345 1590 74
370 1562 436 1590 etc.
462 1574 507 1580 —
534 1558 605 1590 Am.
632 1556 676 1597 Q.
702 1558 850 1592 emenda

41 1600 242 1648 ἐξεσίην.
290 1603 473 1645 δημοσίαν
498 1602 691 1647 ἔκπεμψιν.
740 1601 851 1647 ἥσσω,

41 1647 333 1693 ἓσίαν,(111)ει·;
372 1650 516 1690 αἰτίαν,
558 1661 574 1683 ε
599 1656 633 1683 et
658 1662 719 1691 αι,
752 1650 851 1684 item-

40 1707 112 1740 que
146 1708 166 1731 6
198 1700 234 1729 et
265 1709 307 1738 τ,
349 1694 442 1728 inter
475 1707 513 1729 se
548 1696 781 1737 commutatis,
814 1701 851 1730 ut

41 1753 145 1787 saepe
184 1742 282 1775 alias.
341 1743 465 1775 αἰτίαν
498 1753 562 1786 pro
597 1742 720 1775 αἱτίαν
757 1722 851 1777 d'edit

41 1789 250 1832 corrector.)
271 1787 331 1820 καὶ
354 1786 849 1832 ἐξεσίαν.Ρ31ε1ῐ.·εξεσίην.

42 1835 226 1877 δημοσίαν
269 1832 469 1876 ε’κπεμψιν,
509 1846 541 1868 κ.
584 1835 728 1876 πρᾶξιν.
795 1836 848 1869 Ex

41 1878 201 1921 ἐξεσία
224 1899 270 1905 —
295 1887 317 1924 ἡ
343 1881 505 1936 δημοσία
529 1882 775 1936 πρεσβειάκ.,
803 1894 852 1922 ως

42 1928 184 1968 εἰπεῖν,
217 1924 415 1981 ε’κπεμψις,
449 1924 498 1966 ὡς
526 1923 603 1961 οἷπὸ
628 1929 696 1962 τοῦ
721 1927 851 1982 εξίημι,

42 1972 184 2016 ἐξὴσω,
219 1970 309 2008 ὅθεν
332 1974 393 2007 καὶ
430 1972 589 2016 ε’ξεσις
618 1969 713 2015 παρ’
746 1970 851 2016 Ἡρο-

43 2019 141 2077 δότῳ
174 1998 198 2062 ἡ
232 2017 461 2075 ἅπόπεμψις.
515 2018 575 2053 διὸ
607 2018 851 2064 τποιαταβοὶς

41 2064 134 2110 ἔφη,
168 2065 254 2106 πρὸ
287 2079 372 2110 γαρ
404 2061 470 2110 ἧκε
503 2068 654 2111 πατήρ
689 2072 754 2100 etc.
804 2067 849 2100 cf.

40 2123 120 2148 ann.
144 2112 187 2144 ad
218 2112 257 2144 ΙΙ.
284 2113 336 2155 m'‚
368 2113 448 2147 235.
480 2130 526 2138 —
561 2112 612 2146 Ε·
641 2111 850 2169 παιδνὸς

41 2157 114 2200 (ω’,
146 2158 234 2201 338)
269 2156 289 2194 6
322 2161 432 2198 παῖς,
475 2171 577 2201 παρα
619 2159 662 2194 τὸ
695 2161 850 2202 παίζειν,

19 2202 181 2249 ’ὁμοίως
205 2205 258 2250 τῷ
282 2202 513 2260 ὀλοφυδνὸς,
545 2218 577 2240 κ.
601 2204 777 2248 ἀκιδνὸς,
814 2219 848 2240 κ.

41 2255 121 2291 τοῖς
142 2251 339 2291 τοιούτοις.
388 2250 504 2291 πολύς
536 2250 576 2286 δε
609 2251 758 2292 ἔπαινος
781 2266 848 2287 του

16 2294 245 2337 -Ὀδυσσέως
283 2297 325 2333 τὸ
370 2297 409 2333 ἐν
446 2297 602 2343 παιδικῇ
641 2297 762 2345 ἡλικία
795 2294 850 2334 δι’

41 2342 249 2388 ὑπερβολήν
283 2344 460 2384 συνέσεως
492 2344 653 2389 πρέσβυν
688 2347 849 2400 δημοσιᾳ

41 2393 265 2434 πεμφθῆναι,
304 2389 349 2426 οὐ
395 2404 498 2434 παρα
537 2391 654 2433 μόνου
696 2391 847 2436 πατρὸς.

41 2435 134 2472 ἀλλὰ
165 2437 226 2471 καὶ
261 2451 335 2472 των
366 2437 560 2482 γερόντων.
608 2450 728 2483 nempe
762 2439 847 2472 1111111

40 2483 226 2517 decernere
265 2489 404 2529 poterat
442 2484 485 2517 de
525 2485 664 2529 negotio
710 2485 845 2530 publico

40 2540 102 2563 rex
122 2529 150 2562 I
153 2531 264 2562 aertes
281 2531 355 2564 sine
374 2530 570 2565 interventu
589 2535 726 2564 senatus
753 2531 846 2574 prin-

41 2575 222 2631 cipumque
250 2575 489 2610 Ithacensium.
537 2589 571 2611 v.
608 2588 683 2609 anu.
723 2578 766 2609 ad
799 2575 846 2618 α’,

39 2622 119 2659 387,
151 2619 195 2666 β’,
231 2621 275 2663 6,
313 2620 355 2665 σ’,
392 2624 468 2658 162.
492 2642 538 2649 -
579 2622 846 2668 διζήμενος.

40 2667 86 2710 α’,
109 2668 176 2702 261
203 2672 269 2701 etc.

85 2714 142 2748 23.
191 2712 235 2754 δ’,
259 2713 338 2748 636.

54 2757 249 2794 24-38.
299 2758 442 2803 φόνος
464 2759 542 2796 και
568 2763 848 2804 μοῖρα,μοῒ-

41 2817 89 2848 ρα
126 2808 252 2849 φονία.
312 2805 513 2860 hendiadys.
576 2807 624 2840 E:
665 2811 847 2850 μοῖραν

43 2863 212 2896 φανερως
236 2849 304 2896 τὴν
326 2849 540 2896 θανάσιμον
559 2853 676 2895 δηλοῖ.
691 2873 734 2878 -
760 2855 846 2897 φῶ-

41 2911 96 2933 τα
119 2897 371 2942 ἐπιΐστορα
393 2911 483 2943 μεγ.
513 2898 678 2943 ε’ργων,
704 2905 744 2933 ut
767 2901 845 2943 φεῦ-

1625 99 1708 140 1-’11

1043 199 1141 262 ἦτοι
1165 203 1403 274 Ὀδυσσεύς

929 377 1006 432 ἠδὲ
1029 380 1214 446 νομῆας

900 774 1124 829 ἐπιίστορα
1154 773 1318 827 ε’ργων,

901 1046 1008 1091 lapiz‘,
1043 1045 1078 1079 11.
1104 1058 1135 1080 e.
1166 1043 1272 1080 filium
1305 1041 1708 1097 11ὂυ11ι1111.Ε.μεγ.

899 1092 962 1128 ε’π.
990 1092 1145 1136 ε’.ργων
1177 1088 1366 1127 τουτέστιν
1389 1087 1636 1132 ἐπιστημονα,
1661 1100 1707 1122 ου

899 1139 940 1174 τό
974 1137 1118 1174 ἁπλοῦν
1154 1137 1192 1173 ἐν
1222 1135 1348 1172 ’[λιαδι
1381 1134 1440 1179 (σ’,
1479 1135 1577 1177 501),
1613 1139 1708 1176 οἱον,

900 1185 1069 1231 ἱέσθην
1102 1184 1176 1220 ἐπὶ
1209 1185 1368 1226 ἴστορι
1403 1181 1513 1225 (apud
1540 1182 1708 1239 peritum,

899 1232 1065 1266 arbitrum
1100 1243 1160 1265 seu
1193 1230 1360 1275 judicem)
1403 1231 1582 1271 πεῖραρ
1617 1226 1710 1262 sk&-

898 1281 1031 1314 σθαι.
1081 1274 1198 1318 ἄλλως
1223 1277 1263 1312 δέ
1286 1289 1324 1321 γε
1350 1276 1465 1310 εἰπεῖν
1489 1271 1709 1328 μεγάλων

897 1323 1132 1367 ἐπιΐστωρ
1159 1323 1306 1378 ἔργων
1335 1321 1353 1358 6
1379 1320 1481 1365 παρὰ
1505 1323 1584 1359 τοῖς
1605 1317 1709 1356 ὕστε-

898 1384 964 1411 ρον
997 1370 1186 1411 συνθέτως
1217 1374 1252 1405 λε
1240 1368 1410 1412 γόμενος
1447 1379 1490 1410 με
1476 1361 1708 1411 ειγαλουργὸς,

897 1417 1030 1457 ὁποῖος
1070 1417 1131 1451 καὶ
1177 1416 1196 1452 ὁ
1236 1415 1424 1451 ,Μακεδών
1460 1411 1708 1457 Ἀλέξανδρος.

897 1461 1209 1507 8ο11.·μεγ.ἐπ.
1236 1462 1399 1507 ε’.ργων
1441 1461 1708 1505 μεγαλουργὸν,

896 1509 956 1544 ἐπὶ
987 1509 1157 1553 μεγαλοις
1188 1508 1306 1552 ε’ργοις
1339 1507 1623 1550 ἱστορούμενον,
1649 1507 1706 1551 (2)

895 1554 1137 1601 ἐπιστήμονα.
1185 1556 1228 1589 cf
1244 1556 1350 1589 Schn.
1374 1567 1432 1587 vv.
1459 1554 1583 1596 ι’στωρ,
1609 1553 1708 1588 ιστο-

898 1602 990 1646 ρέω,
1027 1603 1183 1644 ἱστορία.
1216 1620 1259 1626 -
1292 1604 1365 1635 Am.
1390 1601 1449 1632 B.:
1488 1600 1645 1641 ξεῖνον
1677 1599 1706 1634 ε’.

896 1663 990 1684 κατ.
1037 1647 1269 1691 ξενιζόμενον
1299 1645 1395 1701 παρ’
1426 1642 1541 1702 αὐτῷ.
1601 1645 1636 1682 οἱ
1668 1644 1709 1680 δὲ

896 1696 1071 1739 νεώτεροί
1117 1706 1251 1740 φασιν,
1296 1691 1346 1733 ὥς
1381 1688 1439 1728 ότι
1479 1690 1595 1728 αὐτὸν
1631 1690 1707 1729 ἀπὸ

894 1745 964 1777 τοῦ
989 1744 1132 1787 τείχους
1168 1739 1378 1785 κατέβαλεν.
1425 1739 1594 1772 furentem
1620 1740 1707 1774 adeo

896 1788 1062 1823 saeviisse
1094 1787 1296 1829 Herculem,
1330 1789 1450 1819 auctor
1486 1791 1540 1819 est
1564 1787 1708 1842 Apollo-

896 1835 1046 1868 dorusl.
1072 1847 1100 1868 c.
1147 1854 1191 1859 —
1224 1830 1306 1876 μετ’
1340 1829 1387 1866 ov’
1418 1829 1512 1866 πολὺ
1549 1830 1588 1866 δε
1621 1835 1708 1866 κλα-

896 1882 1035 1915 πεισῶν
1077 1847 1121 1922 ἐξ·
1158 1877 1337 1936 Εὖβοίας
1369 1874 1443 1912 υπὸ
1492 1875 1706 1914 Αὐτολύκου

896 1925 1011 1973 βοῶν,
1037 1925 1205 1969 Εὔρυτος
1228 1924 1296 1970 μὲν
1321 1923 1483 1981 ἐνόμιζεν
1501 1922 1568 1968 υφ’
1589 1922 1707 1968 Ηρα-

895 1974 1023 2013 κλέους
1053 1974 1240 2018 )εγονέναι
1272 1974 1398 2007 τοῦτο.
1437 1967 1577 2026 ’Ίφιτος
1602 1971 1642 2007 δὲ
1665 1970 1707 2006 ἆ-

894 2021 1035 2054 πιστῶν
1068 2019 1281 2062 ἀφικνεῖται
1312 2016 1406 2060 πρὸς
1437 2013 1637 2073 Ηρακλέα,
1671 2033 1706 2054 κ.

896 2077 1085 2110 συντυχὼν
1118 2063 1244 2109 ἥκοντι
1269 2063 1307 2100 ἐκ
1335 2064 1462 2107 Φερῶν
1494 2062 1618 2110 αὐτῷ,
1649 2077 1706 2100 σε·

896 2111 1031 2147 σωκότι
1083 2111 1150 2157 τήν
1207 2111 1480 2148 αποθανοῦσαν
1515 2100 1706 2168 ”Αλκηστιν

892 2158 1072 2215 Ἀδμήτῳ,
1102 2162 1309 2214 παρακαλεῖ
1330 2160 1394 2193 6v‘
1377 2157 1528 2202 ητῆσαι
1552 2158 1617 2200 τὰς
1641 2156 1706 2205 βό·

899 2219 953 2246 ας.
997 2203 1175 2250 εΙτὶροικλης
1200 2204 1239 2241 δε
1263 2203 1517 2260 ὑπισχνεῖται,
1551 2219 1584 2239 κ.
1610 2206 1706 2248 ξενί-

897 2255 948 2295 ζει
967 2251 1037 2295 μὲν
1071 2251 1208 2296 αὐτὸν,
1241 2253 1369 2310 μανεὶς
1403 2249 1444 2286 δὲ
1481 2246 1596 2292 αυθις
1628 2249 1704 2288 οἷπὸ

895 2301 968 2333 τῶν
1000 2301 1212 2340 Τιρυνθίων
1248 2297 1397 2344 ἔρριψεν
1424 2296 1540 2333 αὐτὸν
1562 2300 1703 2343 τειχῶν.

897 2346 990 2390 quod
1021 2345 1071 2379 ita
1102 2345 1280 2383 evenisse,
1318 2344 1503 2378 verisimile
1536 2350 1587 2378 est
1623 2357 1704 2388 pro-

897 2397 1017 2436 pterea
1043 2392 1122 2437 quia
1154 2393 1239 2425 bene
1273 2391 1409 2424 volebat
1446 2391 1578 2435 Iphitus
1611 2392 1704 2425 Her-

894 2438 981 2477 culi,
1015 2443 1050 2471 et
1074 2438 1167 2471 Iolen
1197 2449 1370 2477 sororem,
1407 2439 1593 2481 praemium
1628 2449 1704 2471 cer—

893 2483 1051 2524 taminis,
1086 2483 1212 2517 victori
1235 2483 1282 2516 11Ιί
1307 2483 1398 2516 tradi
1419 2483 1595 2526 jusserat,
1630 2484 1703 2517 Eu-

892 2536 971 2574 ryto
997 2529 1189 2574 ceterisque
1215 2531 1288 2572 ejus
1313 2529 1391 2562 filiis
1418 2530 1629 2572 vetantibus,
1659 2542 1703 2563 ne

893 2575 1004 2608 denuo
1025 2578 1125 2609 heros
1149 2575 1319 2609 insaniens
1340 2575 1466 2608 liberos
1492 2586 1535 2607 ex
1561 2587 1602 2608 ea
1625 2587 1703 2610 sus-

893 2621 1071 2665 cipiendos
1112 2622 1350 2663 interficeret,
1397 2626 1435 2653 ut
1468 2620 1594 2654 ibidem
1626 2633 1702 2656 nar-

892 2675 948 2700 rat
973 2668 1210 2712 Apollodorus.
1234 2687 1277 2692 —
1302 2665 1531 2709 σχέτλιος.
1555 2665 1599 2711 γ’,
1623 2670 1701 2710 161,

895 2713 933 2747 Il.
957 2713 1002 2759 β’,
1032 2717 1097 2749 112
1122 2720 1188 2747 etc.
1220 2734 1265 2738 —-
1297 2713 1426 2747 θεων
1449 2725 1585 2754 οπιν
1618 2716 1702 2748 deo-

894 2771 970 2793 rum
996 2761 1207 2800 vindictam,
1239 2760 1392 2802 inpiimis
1424 2759 1519 2793 Jovis
1544 2739 1701 2814 hssspita-

893 2804 947 2840 lis.
994 2806 1034 2840 ll.
1058 2806 1108 2845 π’,
1131 2808 1228 2840 388.-
1261 2805 1362 2840 θεῶν
1395 2803 1482 2840 ὄπιν
1512 2806 1581 2840 οὐκ
1617 2804 1701 2842 αλέ-

893 2864 1029 2896 γοντες
1075 2851 1117 2895 ξ’,
1142 2854 1215 2886 82:
1251 2849 1318 2886 οὐκ
1342 2850 1456 2886 ὄπιδα
1480 2852 1701 2897 φρονέοντες

892 2898 944 2933 ἐνι
972 2898 1121 2943 φρεσιν,
1148 2894 1235 2933 ουδ’
1261 2895 1411 2942 ἐλεητῦν
1435 2903 1503 2933 etc.
1531 2919 1575 2924 -—-
1600 2899 1700 2942 τρά-

41 2956 88 2979 τα
108 2944 193 2981 υἱὸν
214 2943 440 2991 Ἀσκληπιοῦ,
460 2946 572 2980 virum
587 2947 704 2989 filium
718 2949 844 2981 Aescu
889 2948 1056 2989 πεζαν,
1082 2956 1258 2986 mensam,
1283 2956 1382 2989 quam
1405 2945 1532 2990 hospiti
1556 2946 1605 2981 1111
1630 2958 1697 2993 ap-
