1821 3288
100 109 186 149 loo

742 101 1142 143 ΟΜΗΡΟΥ

215 215 240 245 *
268 210 554 283 καρπαλίμως
586 212 798 268 χαίροντα
828 211 979 280 φίλην
991 211 1217 267 χαίροντες
1247 210 1440 266 ἔπεμπον

270 271 331 320 εἰς
359 267 550 325 Ἰθάκην.
580 273 642 327 τῷ
671 270 751 324 μέν
783 269 839 322 ῥα
868 267 1011 322 πατήρ
1050 270 1124 311 καὶ
1153 269 1312 311 πότνια
1339 269 1479 324 μήτηρ

270 331 425 396 χαῖρον
440 314 729 394 νοστήσαντι,
758 325 834 368 καὶ
864 324 1102 377 ἐξερέεινον
1131 325 1304 376 ἕκαστα,

271 380 411 453 οὐλὴν
437 380 527 425 ὅττι
556 381 722 425 πάθοι·
765 380 788 423 ὁ
820 379 863 424 δ’
894 380 981 434 ἄρα
1011 384 1162 436 σφίσιν
1192 383 1242 424 εὐ
1274 381 1510 434 κατέλεξεν,

155 442 238 487 465
268 438 329 489 ὥς
358 454 436 494 μιν
465 437 701 511 θηρεύοντ’
733 437 885 480 ἔλασεν
913 441 994 489 σῦς
1022 442 1163 496 λευκῷ
1195 437 1358 490 ὀδόντι,

270 494 564 552 Παρνησόνδ’
590 494 779 538 ἐλθόντα
808 492 893 537 σύν
921 492 1072 537 υἱάσιν
1091 487 1385 558 Αῧτολύκοιο.

527 620 646 654 herum
670 619 823 664 agnitum
846 618 938 654 laete
972 618 1124 665 appellat
1147 619 1332 664 Euryclea.

352 700 447 770 Τὴν
476 697 615 770 γρηῢς
644 700 828 754 χείρεσσι
856 693 1180 752 καταπρηνέσσι
1209 701 1409 753 λαβοῦσα

271 759 363 811 γνῶ
397 758 422 811 ῥ
447 790 457 809 ,
501 755 566 798 ἐπε
572 757 847 827 μασσαμένη,
879 755 994 799 πόδα
1026 756 1072 799 δὲ
1101 754 1288 822 προέηκε
1317 755 1545 809 φέρεσθαι.

270 813 316 854 ἐν
347 812 392 855 δε
423 812 570 882 λέβητι
598 812 697 856 πέσε
728 811 890 867 κνήμη·
921 811 1136 883 κανάχησε
1167 811 1211 854 δὲ
1241 812 1412 866 χαλκὸς,

156 870 240 914 470
273 868 335 919 ἂψ
365 868 414 911 δ’
446 868 621 922 ετέρωσ’
653 870 817 924 ἐκλίθη,
848 869 896 911 τὸ
928 868 971 912 δ’
1002 870 1069 912 ἐπι
1102 869 1268 925 χθονὸς
1295 866 1468 923 ἐξέχυθ’
1499 867 1634 921 ὕδωρ

268 926 348 981 τὴν
379 924 425 968 δ’
456 926 546 980 ἅμα
575 925 718 981 χάρμα
747 927 821 969 καὶ
852 926 984 980 ἄλγος
1014 926 1081 969 ἕλε
1112 926 1274 998 φρένα,
1304 926 1364 967 τώ
1397 925 1444 968 δέ
1473 927 1518 968 οἱ
1545 925 1646 969 ὄσσε

270 981 494 1052 δακρυόφι
522 988 739 1038 πλῆσθεν,
769 983 936 1037 θαλερη
969 983 1014 1026 δέ
1044 984 1087 1025 οἱ
1116 983 1258 1036 ε’σχετο
1282 981 1426 1038 φωνή

268 1037 469 1096 ἁψαμένη
503 1039 548 1082 δὲ
563 1042 748 1111 γενείου
776 1039 994 1094 Ὀδυσσῆα
1025 1039 1306 1091 προσέειπεν·

349 1097 443 1148 „'H
465 1094 573 1150 μάλ’
603 1095 839 1168 Ὀδυσσεύς
869 1095 971 1146 εσσι,
1002 1098 1136 1150 φίλον
1165 1094 1300 1145 τέκος,
1332 1093 1439 1138 οὐδέ
1469 1093 1514 1137 σ’
1543 1094 1677 1150 ε’γωγε

160 1151 245 1197 475
273 1151 379 1207 πρὶν
408 1152 562 1207 ε’γνων,
593 1153 701 1207 πρὶν
733 1152 877 1196 πάντα
905 1152 1051 1195 ἄνακτ’
1083 1151 1190 1208 ἐμὸν
1219 1151 1574 1208 ἀμφαφάασθαι.
1572 1155 1621 1176 ’“

321 1287 422 1321 quae,
447 1276 589 1321 reginae
617 1278 816 1312 nuntiatura
831 1277 977 1312 reditum
996 1276 1077 1321 ejus,
1101 1277 1262 1311 turbatur
1286 1288 1307 1310 a
1322 1276 1480 1318 Pallade,
1503 1278 1541 1311 et
1562 1275 1640 1322 ipse
1655 1275 1764 1322 Ulys-

241 1332 298 1356 ses
323 1323 423 1357 minis
447 1327 558 1358 terret
581 1324 683 1367 illam,
707 1336 751 1358 ne
775 1329 846 1358 ‘rem
868 1323 1109 1369 intempestive
1133 1324 1325 1369 eloquatur.

341 1397 413 1454 Ἦ,
442 1402 517 1447 καὶ
548 1403 850 1461 Πηνελόπειαν
878 1401 1111 1457 ἐσέδρακεν
1140 1400 1427 1460 ὀφθαλμοῖσι,

101 1582 179 1606 eum
193 1571 318 1615 juvere
348 1571 386 1606 in
412 1574 554 1607 volnera
578 1576 698 1607 cantus
723 1572 911 1617 Somniferi

103 1624 138 1653 et
162 1619 291 1652 Marsis
316 1621 494 1663 quaesitae
518 1621 688 1654 montibus
710 1620 848 1654 herbae.

149 1688 230 1725 461.
254 1700 330 1731 cur,
347 1699 487 1734 quaeso,
512 1691 655 1736 φίλην
672 1691 724 1731 εἰς
741 1688 912 1736 Ἰθάκην,

101 1746 192 1781 quae
214 1746 280 1769 non
305 1745 398 1770 esset
420 1740 580 1782 Autolyci
603 1742 742 1783 ejusque
764 1739 911 1772 filiorum

102 1782 230 1828 patria
264 1787 303 1815 ut
327 1787 509 1816 vocaretur
535 1795 626 1825 cara,
654 1787 757 1827 φίλη,
791 1796 910 1828 quem-

103 1827 280 1863 admodum
306 1827 352 1869 6',
376 1829 456 1864 585.
493 1829 598 1863 dixit:
624 1830 758 1866 ε’δοσαν
783 1830 824 1864 δέ
847 1844 912 1874 μοι

103 1886 220 1918 ουρον
241 1870 458 1916 Ἀθάνατοι,
485 1877 545 1910 τοί
566 1873 612 1919 μ’
637 1878 716 1911 ω’κα
741 1878 852 1920 φίλην
877 1874 914 1918 ἐς

101 1917 256 1963 πατρίδ’
300 1919 497 1965 ε’πεμψανὶ)
538 1933 614 1955 num
655 1923 762 1967 igitur
802 1924 914 1967 φίλην

109 1964 338 2011 Τηλεμάχῳῖ
356 1973 400 2002 at
424 1968 488 2000 hoc
507 1967 636 2011 friget,
660 1978 737 2002 nec
747 1969 796 2003 ita
820 1969 913 2014 loqui

104 2014 192 2047 solet
216 2017 329 2057 poeta.
378 2013 546 2048 accedunt
569 2015 740 2048 variantes
763 2015 915 2060 scriptu-

104 2070 167 2094 rae
191 2060 308 2103 φίλως
341 2064 377 2093 et
402 2061 531 2103 φίλον,
564 2062 705 2104 quarum
729 2062 814 2094 haec
839 2061 915 2106 qui-

104 2106 181 2139 dem
205 2105 338 2139 nonnisi
361 2105 396 2138 in
421 2107 461 2139 A.
483 2106 517 2140 3.
544 2106 706 2148 habetur,
739 2112 913 2141 correcto-

104 2151 154 2186 ris
177 2151 267 2185 haud
291 2151 395 2185 dubie
423 2156 662 2194 commentum,
699 2154 815 2195 φίλως
846 2165 914 2187 au-

105 2202 173 2231 tem
209 2202 244 2230 et
274 2196 309 2230 in
344 2197 420 2231 MS.
452 2197 606 2232 'Ihomae
630 2198 778 2243 Bentleji
811 2203 846 2233 et
876 2199 912 2234 in

104 2244 148 2278 A.
171 2243 204 2277 2.
229 2243 378 2287 legitur,
411 2247 532 2288 estque
560 2245 602 2278 ab
628 2244 746 2278 Altero
771 2251 914 2290 expres-

105 2299 196 2330 sum,
230 2290 290 2322 sed
316 2294 463 2323 temere:
499 2301 574 2323 nam
605 2291 822 2325 scribendum
847 2295 911 2334 est,

106 2334 137 2369 si
165 2334 246 2378 quid
271 2335 402 2378 sentio,
427 2336 569 2379 φίλοις,
599 2338 794 2380 voluptate,
819 2338 914 2372 dele-

106 2381 271 2421 ctatione,
293 2381 326 2417 h.
350 2394 380 2416 e.
406 2387 533 2416 venatu
556 2382 627 2422 illo,
654 2394 722 2427 quo
747 2388 783 2417 et
808 2384 915 2428 Ulys-

107 2436 164 2460 ses
199 2431 234 2460 et
265 2437 351 2460 avus
375 2433 548 2462 maternus
573 2429 716 2473 ejusque
740 2429 803 2462 filii
827 2442 913 2475 gau-

106 2472 247 2505 debant.
276 2472 326 2505 sic
351 2474 441 2516 φίλα
465 2485 540 2507 esse
566 2474 724 2508 dicuntur
748 2487 801 2515 ea,
826 2487 915 2521 quae

106 2518 257 2563 placent,
281 2524 317 2551 et
339 2518 374 2552 in
392 2530 480 2563 quae
499 2520 595 2554 velut
618 2524 762 2555 naturae
785 2521 914 2567 impetu

108 2563 304 2597 deferimur.
332 2575 365 2600 v.
389 2565 494 2598 Schn.
518 2577 552 2599 v.
581 2567 699 2623 φίλος.
727 2568 913 2623 Aeschylus

106 2608 221 2642 Theb.
244 2611 343 2644 709.:
376 2611 573 2655 κρατηθεὶς
597 2610 637 2647 δ’
662 2612 702 2647 ἐκ
726 2615 844 2657 φίλων
867 2612 913 2649 ά-

107 2655 283 2700 βονλίαις,
309 2654 365 2689 ubi
391 2657 500 2691 Paris.
517 2659 637 2695 2782:
661 2657 820 2704 ἡδονων,
846 2666 912 2694 etc.

108 2701 306 2744 permisceri
332 2714 368 2736 οι
391 2707 429 2736 et
453 2716 493 2747 ω,
519 2715 615 2738 nemo
637 2712 691 2739 est
707 2718 836 2750 gnarus
854 2718 913 2740 co·-

108 2745 234 2790 dicum‚
258 2748 341 2791 quin
365 2748 463 2784 sciat.
513 2751 566 2784 E:
591 2749 649 2786 ὅτι
672 2753 712 2786 δὲ
736 2755 815 2792 τοῖς
837 2765 911 2787 ποι-

107 2793 227 2834 λαιοῖς
253 2794 574 2836 περισπούδαστον
604 2791 652 2841 ἦν
683 2795 725 2832 τό
760 2811 893 2844 κυνηγε
877 2817 912 2834 -

107 2841 204 2880 τεῒν,
234 2838 275 2874 αὶ
296 2842 451 2877 παλαιαὶ
472 2841 624 2888 πράξεις
647 2844 846 2901 δηλοῦσιν,
870 2844 911 2881 ἐν

108 2881 169 2928 αἷς
189 2886 306 2930 μυρία
326 2884 511 2932 πρόσωπα
541 2890 690 2935 λαμπρὰ
713 2871 911 2939 περιᾴδω-

955 1586 1039 1615 ται,
1070 1573 1250 1618 χαίροντα
1280 1586 1330 1616 τῳ
1363 1571 1553 1630 θηρατικῇ
1572 1570 1700 1628 τέχνη,
1730 1584 1766 1607 κ.

957 1619 1228 1662 ευδοκιμοῦντα
1250 1619 1333 1663 περὶ
1357 1616 1498 1663 αντήν,
1530 1617 1589 1654 ὅτι
1611 1615 1705 1663 μηδε
1731 1631 1768 1653 ε-

957 1678 1035 1701 στιν
1068 1668 1208 1701 εἰκαῖον
1233 1665 1338 1710 ἔργον
1360 1665 1476 1710 αὕτη,
1510 1662 1601 1700 άλλοὲ
1624 1662 1766 1710 γυμνά-

958 1725 1038 1748 σιον
1073 1712 1287 1755 πολεμικὸν,
1321 1713 1405 1756 δίχα
1437 1724 1483 1768 γε
1502 1712 1572 1746 τοῦ
1595 1711 1658 1746 καὶ
1682 1712 1767 1756 βίον

956 1761 1216 1803 προσπορίζειν
1262 1758 1411 1804 ἐνιαχοῦ
1462 1756 1562 1799 ὅλοις
1618 1756 1767 1794 ἔθνεσιν

957 1812 1026 1841 etc.

1005 1874 1217 1910 464—483.
1258 1870 1426 1919 ον’λήν,
1458 1874 1502 1907 de
1524 1848 1698 1908 cicatrice.
1719 1891 1766 1898 —-

962 1920 1151 1963 ε’λασεν,
1187 1920 1348 1978 ἓπληξεν.
1399 1921 1454 1954 Ex
1478 1920 1522 1954 Ε.
1548 1939 1594 1946 -
1625 1932 1766 1955 κατοι-

959 1981 1016 2010 πρ
1031 1978 1206 2013 ηνεσσι
1241 1967 1287 2009 ν’,
1315 1968 1392 2002 164
1428 1986 1464 1992 -
1504 1966 1766 2010 ἐπιμασσα-

959 2015 1091 2059 μένη.
1115 2014 1203 2056 481,
1229 2012 1264 2054 ι’,
1287 2015 1376 2054 302,
1399 2012 1440 2046 Il.
1465 2013 1603 2069 δ,190
1627 2018 1694 2046 etc.
1718 2028 1765 2038 --

962 2062 1221 2104 φέρεσθαι,
1240 2060 1342 2103 ferri,
1368 2057 1510 2093 auferri.
1545 2057 1581 2101 ε’,
1605 2060 1672 2094 331
1698 2063 1765 2092 etc.

957 2128 1004 2134 —
1029 2105 1091 2148 αψ
1115 2126 1160 2131 -
1185 2105 1367 2149 ἐκλίθη,
1399 2116 1538 2139 eversus
1561 2110 1623 2139 est.
1649 2105 1765 2140 Voss.-

958 2154 1077 2188 m'eder
1098 2154 1187 2186 sank
1210 2154 1246 2187 in
1264 2153 1326 2186 die
1344 2163 1466 2185 wanno
1484 2152 1550 2185 das
1569 2152 1659 2192 bein,
1684 2151 1767 2184 dass

959 2199 1127 2245 klingend
1160 2199 1224 2233 das
1255 2210 1312 2232 εῖτ
1341 2198 1465 2239 sc'holl,
1503 2197 1585 2231 Und
1619 2197 1681 2231 auf
1708 2196 1766 2230 die

958 2246 1056 2279 Seite
1079 2245 1153 2279 sich
1169 2245 1287 2288 lehnt',
1311 2246 1384 2279 und
1402 2255 1466 2278 zur
1487 2245 1558 2278 erd’
1575 2246 1767 2278 αιιεεῐτόιη-

958 2297 993 2325 te
1017 2293 1082 2325 das
1104 2303 1242 2325 wasser.
1266 2310 1312 2316 --
1343 2292 1397 2325 Ε·
1423 2290 1510 2335 τήν
1535 2309 1576 2315 -
1603 2291 1765 2334 φρένα.

960 2335 1053 2373 ὅθεν
1076 2337 1220 2383 λαβών;
1252 2338 1364 2380 φασὶ,
1396 2337 1594 2395 Σοφοκλῆς
1626 2335 1766 2378 (incer-

958 2388 1030 2418 tum
1053 2395 1119 2439 quo
1142 2384 1238 2427 loco)
1264 2383 1356 2442 ἔφη,
1381 2397 1438 2424 ως
1460 2381 1588 2427 χάρμ’
1613 2379 1765 2426 ’ὑφέρ-

958 2443 1032 2466 πει
1052 2429 1258 2473 δάκρυον
1282 2429 1654 2473 ἐκκαλούμενον.
1676 2428 1765 2462 Tie-

960 2478 1056 2511 ckius
1079 2483 1159 2510 noto
1183 2477 1351 2510 carmine.
1384 2477 1489 2517 Herz,
1523 2476 1630 2519 Heu-z,
1656 2475 1764 2508 Bebst

960 2524 1008 2556 du
1038 2534 1100 2557 vor
1138 2523 1269 2556 lVorm'
1303 2524 1385 2556 oder
1423 2522 1610 2556 Schmerz?
1654 2519 1763 2565 magis

958 2569 1060 2603 etiam
1096 2567 1305 2612 ἐμφατικῶς
1335 2569 1504 2603 Homerus
1542 2568 1634 2622 ipse
1647 2567 1688 2601 ll
1720 2564 1763 2610 ζ’,

958 2614 1058 2650 484:
1090 2615 1272 2659 δακρυόεν
1305 2614 1505 2659 γελάσασα,
1536 2613 1636 2660 quasi
1667 2612 1763 2647 dicas

957 2662 1181 2704 thrdncnhast
1203 2663 1372 2696 lc'ichelnd.
1394 2681 1436 2687 —
1464 2660 1523 2696 vm}
1548 2680 1595 2686 -—
1619 2657 1765 2715 φωνη.

958 2706 1003 2750 δ’,
1027 2708 1117 2750 704,
1140 2708 1178 2742 11.
1204 2708 1247 2751 ρ’,
1273 2710 1352 2749 695,
1376 2706 1430 2753 ψ’,
1453 2709 1534 2744 396.
1561 2703 1762 2750 θαλερή.

956 2753 1440 2798 ν.8ο1ιιι.ν.θαλερός.-
1464 2752 1636 2796 πάντα,
1660 2751 1762 2787 πάν-

956 2812 1039 2839 τως.
1071 2799 1188 2844 inepte
1220 2801 1271 2834 Ε.
1302 2799 1417 2847 ἤγουν
1447 2798 1553 2841 ὅλον,
1583 2777 1761 2856 int'erpre-

955 2848 1027 2879 tes.
1050 2849 1158 2880 totum
1183 2847 1300 2881 herum
1324 2858 1446 2881 meum.
1468 2865 1513 2871 —-
1538 2841 1762 2903 ἀμφαφά-

955 2893 1116 2928 ασθαι
1145 2890 1199 2936 θ’,
1222 2894 1290 2929 215
1315 2898 1379 2928 etc.
1394 2891 1762 2938 -πεφραδέειν,
