1821 3288
523 117 1113 161 ΟΔΤΣΣΕΙΛΣ
1165 119 1222 160 Σ.

1648 131 1704 169 67

204 231 254 275 ἐν
265 231 401 301 ποίῃ,
431 228 653 282 δρέπανον
684 243 764 283 μεν
791 227 902 282 ἐγών
930 225 1150 283 εὐκαμπὲς
1178 228 1330 284 ἔχοιμι,

204 287 279 331 καὶ
308 287 355 330 δὲ
385 286 439 329 σύ
467 290 592 329 τοῖον
622 285 747 340 ἔχοις,
781 286 856 326 ἵνα
884 287 1200 339 πειρησαίμεθα
1231 287 1377 369 ἔργου,

94 351 178 391 370
205 344 377 415 νήστιες
391 342 504 400 ἄχρι
535 341 652 397 μάλα
680 341 887 402 κνέφαος,
918 343 1021 411 ποίη
1054 342 1306 414 632‘2101922'22!

206 401 243 442 εἰ
275 398 315 442 δ’
348 402 405 442 αὐ
434 403 505 442 καὶ
534 398 633 466 βόες
663 402 749 440 είεν
778 397 1037 452 ἐλαυνέμεν,
1079 399 1204 452 οἵπερ
1235 399 1419 454 ἄριστοι,

207 458 409 508 αίθωνες,
440 454 631 509 μεγάλοι,
662 455 795 521 ἄμφω
825 458 1058 526 κεκορηότε
1086 457 1231 510 ποίης,

209 512 367 568 ἥλικες,
398 511 614 565 ἰσοφόροι,
644 515 779 554 τώντε
809 512 965 562 σθένος
995 511 1080 554 οὐκ
1110 511 1376 581 ἀλαπαδνόν,

205 569 446 639 τετράγυον
478 566 522 610 6'
553 570 629 623 εἰἠ,
662 570 772 611 εἴκοι
805 567 844 612 δ’
876 567 964 612 υπὸ
995 571 1138 622 βῶλος
1165 568 1352 627 ἀρότρῳ,

94 629 180 672 375
214 630 275 681 τῷ
305 627 352 668 κέ
381 625 430 684 μ’
460 625 584 677 ἰ’δοις,
616 635 653 667 ει
684 621 803 668 ὦλκα
833 626 1049 694 διηνεκέα
1061 629 1379 682 προταμοίμην.

205 683 242 726 εἰ
276 680 320 724 δ’
354 684 410 725 αὐ
441 681 516 725 καὶ
540 680 736 749 πόλεμόν
765 687 907 725 ποθεν
936 681 1138 738 ὁρμήσειε
1168 685 1380 737 Κρονίων

207 737 412 810 σήμερον,
443 736 582 792 αὐτὰρ
613 737 710 792 ἐμοὶ
740 736 873 788 σακος
903 739 981 792 εἴη,
1011 739 1086 781 καὶ
1115 738 1197 782 δύο
1228 742 1374 795 δοῦρε,

203 797 278 838 καὶ
307 796 441 866 κυνέη
472 794 733 850 πάγχαλκος,
767 793 835 836 ἐπὶ
864 793 1107 848 κροτάφοις
1138 795 1342 850 ἀραρυῖα,

205 856 267 894 zoi
298 853 345 895 κέ
350 870 402 919 μ
455 853 568 901 ι’δοις
597 854 839 903 πρώτοισιν
869 849 931 892 ἐνὶ
960 849 1226 905 προμάχοισι
1255 854 1447 921 μιγέντα,

88 915 172 955 380
203 900 307 951 οὐδ’
340 907 396 951 ἄν
424 924 500 962 μοι
529 906 610 961 τήν
638 904 816 961 γαστέρ’
848 904 1073 977 ὀνειδίζων
1103 907 1347 978 ἀγορεύοις.

201 963 310 1007 ἀλλὰ
337 963 444 1018 μάλ’
469 963 668 1018 ὑβρίζεις,
702 964 777 1005 καί
805 978 876 1005 τοι
905 962 1011 1014 νόος
1039 963 1155 1006 ἐστὶν
1186 965 1378 1020 ἀπηνής·

199 1023 275 1064 καί
305 1019 395 1063 πού
424 1036 487 1070 τις
518 1020 682 1070 δοκέεις
710 1019 842 1074 μέγας
873 1019 1052 1090 ἔμμεναι
1080 1019 1156 1074 ἠδὲ
1185 1023 1412 1074 κραταιός,

199 1077 362 1120 οὕνεκα
390 1079 478 1130 παρ
504 1075 716 1129 παύροισι
744 1076 818 1119 καὶ
849 1076 933 1119 οὐκ
963 1076 1198 1147 αγαθοῖσιν
1230 1077 1404 1133 ὁμιλεῖς.

199 1135 236 1176 εἰ
266 1132 310 1176 δ’
342 1132 550 1183 Ὀδυσεύς
578 1133 714 1185 ε’λθοι,
743 1133 818 1176 καὶ
848 1132 979 1176 ἵκοιτ’
1008 1150 1051 1184 ες
1078 1136 1268 1188 πατρίδα
1297 1141 1442 1189 γαῖαν,

86 1193 168 1236 385
201 1188 310 1241 αἶψά
341 1189 388 1232 κε’
417 1207 487 1233 τοι
516 1206 569 1232 τα
598 1190 809 1243 θύρετρα,
839 1191 910 1232 καὶ
943 1188 1073 1244 ευρέα
1101 1205 1181 1243 περ
1210 1191 1306 1246 μάλ’
1335 1191 1480 1248 ἐόντα,

202 1245 417 1305 φεύγοντι
447 1249 686 1293 στείνοιντο
719 1248 809 1292 διὲκ
838 1247 1086 1305 προθύροιο
1115 1247 1321 1306 θύραζε.“

23 1393 90 1440 τήν
133 1399 344 1441 παρουσίαν
390 1399 460 1434 τοῦ
500 1399 654 1443 θέρους.
690 1417 737 1423 -
785 1397 835 1434 ἐν

23 1443 146 1489 ποίῃ,
168 1445 206 1477 in
222 1445 342 1488 herba,
368 1444 533 1489 gramine,
536 1451 671 1500 prato.
698 1442 734 1485 ι’,
751 1443 833 1488 449,

23 1489 63 1522 Il.
99 1490 141 1532 ξ’,
172 1492 252 1525 347.
298 1489 411 1536 ἄγκεα
453 1490 633 1547 ποιήεντα
667 1470 757 1524 dixit
789 1489 834 1531 6,

24 1537 92 1572 337
117 1542 182 1570 etc.
208 1537 259 1570 Ε·
283 1538 471 1595 -ποίη
507 1534 526 1574 6
564 1537 658 1591 κοινοὶ
691 1537 732 1572 τό
768 1536 833 1583 ἔαρ

23 1582 248 1626 δρεπόμενος
287 1580 310 1628 ἢ
352 1583 563 1628 κειρόμενος
604 1584 746 1628 χόρτος.
786 1603 833 1609 --

25 1629 288 1672 δρέπανον,
318 1631 528 1687 δρεπανην,
552 1634 590 1664 ut
614 1629 701 1663 dixit
724 1630 763 1663 11.
790 1628 832 1671 σ’,

23 1675 112 1715 551,
143 1675 201 1709 ubi
225 1687 258 1710 v.
283 1687 361 1711 ann.
386 1697 431 1702 —
444 1676 676 1735 νήστιες,
709 1677 834 1720 jejuni.

24 1721 66 1754 ll.
90 1720 134 1762 τ’,
160 1722 238 1763 156,
262 1725 341 1757 207.
368 1743 411 1748 -
438 1721 547 1768 ἄχρι
572 1721 700 1766 μάλα
729 1722 832 1757 κνέ-

26 1779 168 1809 φαος,
193 1770 330 1812 penitus
351 1782 460 1827 usque
481 1772 529 1804 ad
553 1770 762 1814 caliginem,
787 1769 832 1803 ad

22 1813 133 1858 ipsam
157 1819 302 1848 noctem.
350 1816 400 1849 E:
438 1814 519 1859 ἄχρι
544 1817 707 1871 βαθείας
727 1815 832 1850 ἑσπέ-

24 1872 102 1901 ρας.
136 1879 179 1885 -
214 1863 288 1893 Am.
311 1863 365 1895 2:
400 1863 605 1902 αἴθωνες
640 1860 702 1904 (α’,
733 1862 832 1917 184).

23 1905 183 1962 πυῤῥοὶ,
213 1902 236 1948 ἢ
265 1907 427 1950 μέλανες.
452 1928 495 1933 —
520 1905 705 1963 ἥλικες,
740 1905 833 1965 ὁμή-

22 1953 126 1993 λικες-
152 1950 195 1994 o'‚
221 1954 286 1988 197
312 1958 380 1987 etc.
391 1974 435 1979 —
460 1955 511 1988 E:
543 1954 778 1997 ἰσοφόροι
809 1951 832 1997 ἢ

25 1999 78 2038 εἰς
102 1997 182 2034 ἶσον
203 1997 402 2043 φερόμενοι
423 2013 456 2035 κ.
481 2014 530 2041 ως
554 2002 672 2036 εἰπεῖν
696 2002 832 2041 ἰσοφα-

23 2046 215 2101 pigmus,
232 2045 300 2086 (Π.
325 2044 367 2088 ζ,
395 2050 458 2081 101
486 2055 552 2080 etc.
576 2047 611 2080 id
637 2054 730 2080 esset
754 2045 831 2081 ἰσό-

22 2093 166 2136 φοροι.)
191 2087 215 2135 ἢ
239 2090 318 2126 ἶσον
338 2091 464 2149 ἄχθος
477 2094 605 2148 φέρειν
629 2092 830 2135 δυνάμενοι

22 2143 87 2171 etc.
113 2139 280 2181 (τωντε
305 2142 374 2173 σθ.
410 2152 496 2174 ουκ
533 2137 828 2175 ἀλαπαδνόν.

13 2195 161 2228 quorum
193 2185 289 2218 haud
314 2186 492 2239 infirmum
517 2191 567 2220 est
590 2188 709 2227 robur,
742 2185 829 2219 vali-

20 2231 147 2264 dorum.
173 2242 206 2264 v.
231 2231 273 2265 ΙΙ.
297 2229 334 2270 ε’,
357 2234 426 2267 783
450 2233 536 2276 etc.)
560 2230 828 2287 τετράγυον

19 2274 82 2320 (η’,
109 2274 208 2332 113);
219 2276 258 2312 δὲ
277 2256 479 2334 6t66tmw2
489 2292 536 2319 τι,
562 2276 653 2313 ὅσον
668 2273 714 2323 ἦν
739 2277 826 2321 ἀρο-

17 2324 144 2367 τριᾷν,
170 2336 220 2364 ως
241 2323 361 2365 εἰκὸς,
387 2324 437 2360 δι’
461 2321 598 2370 ἡμέρας
624 2325 713 2365 τούς
737 2325 825 2382 ἀγα-

17 2369 116 2409 θούς
141 2367 315 2414 εργάτας,
339 2383 374 2405 κ.
397 2372 608 2428 χρωμένους
631 2372 762 2418 βουσὶν
785 2369 827 2406 6-

18 2416 150 2459 μοιόις.
173 2435 220 2441 -
243 2417 372 2452 εἴκοι
395 2435 438 2443 -
464 2416 668 2463 ἀρότρῳ.
694 2418 823 2452 descri-

18 2462 91 2506 ptio
115 2461 179 2495 soli
203 2462 362 2503 arabilis,
393 2475 456 2497 nec
478 2464 636 2509 lapidosi.
670 2486 716 2491 —
750 2466 824 2498 Am.

19 2509 60 2541 B.
73 2520 84 2540 .·
108 2509 177 2552 τῷ.
203 2507 266 2542 δια
288 2510 401 2545 τοῦτο
428 2511 535 2554 (Ιιόο,
564 2522 626 2567 per
650 2510 736 2553 hoc,
762 2510 824 2545 ita.

17 2564 52 2587 v.
78 2553 118 2586 Il.
139 2543 272 2598 &2410
295 2555 394 2598 etc..)
414 2558 568 2611 -(Ap·
594 2551 731 2598 ωλκα,
756 2569 826 2590 αυ-

17 2601 121 2634 zanoa.
155 2602 296 2636 sulcum.
328 2601 368 2637 Il.
392 2600 437 2643 ν,
463 2605 561 2647 707.)
593 2601 824 2646 διηνεκέα

18 2646 69 2690 (v.
94 2646 162 2682 836
187 2647 296 2691 em),
319 2645 400 2682 ἀντὶ
428 2649 495 2685 τοῦ
518 2634 714 2693 διηνεκῶς,
749 2647 822 2684 ὑπὸ

18 2704 103 2735 μιας
127 2689 257 2737 ὁρμῆς.
283 2710 328 2718 -
351 2698 720 2739 προταμοίμην,
744 2707 825 2738 pro-

17 2739 216 2773 scinderem.
250 2737 304 2782 ψ’,
331 2742 418 2782 196,
452 2742 492 2775 ll.
527 2755 565 2784 ι,
598 2743 679 2778 489.-
714 2742 824 2775 minus

18 2785 106 2818 bene
143 2785 271 2821 Ε.τό
296 2798 430 2829 προτ.
458 2786 542 2822 ἀντὶ
565 2789 635 2823 τοῦ
657 2786 728 2830 πρὸ
755 2789 823 2823 ’σοῦ

16 2828 294 2874 ἆροτριάσαιμι,
317 2833 380 2867 καὶ
405 2830 455 2873 αἱς
477 2834 592 2868 εἰπεῖν
613 2834 824 2891 προκόψει-

14 2878 722 2973 5325515523‘52355.‘'izzuffzzufflf.
732 2893 822 2972 ’ἓῗὲἰ

880 1406 938 1435 tur
961 1404 1156 1443 certamen,
1186 1403 1247 1436 sed
1281 1402 1373 1437 solus
1397 1403 1542 1445 Ulysses
1574 1408 1692 1439 aratu-

880 1458 961 1489 rus,
994 1448 1087 1481 solus
1112 1448 1356 1489 dimicaturus,
1381 1450 1504 1492 quibus
1529 1451 1693 1495 operibus

879 1505 923 1536 ne
951 1505 1068 1537 parem
1093 1495 1226 1538 quidem
1262 1501 1358 1539 putat
1382 1496 1636 1539 Eurymachum
1660 1499 1693 1532 i-

880 1551 1041 1583 gnavum.
1074 1542 1120 1573 cf.
1157 1541 1209 1575 Cl.
1241 1561 1286 1566 ——-
1326 1541 1413 1576 δύο
1450 1543 1607 1586 δοῦρε.
1639 1543 1690 1588 μ’,

879 1587 960 1620 228.
986 1605 1028 1611 -
1061 1585 1240 1628 νόος-
1261 1586 1469 1643 ἀπηνής.
1503 1589 1544 1622 Il.
1567 1588 1617 1631 π’,
1644 1592 1693 1627 35

880 1637 945 1666 etc.
983 1652 1026 1657 —
1068 1635 1145 1667 καί
1181 1632 1270 1669 πού
1307 1648 1376 1672 τις
1410 1655 1453 1659 ——
1490 1615 1689 1680 ὁμιλεῖς.

878 1678 1014 1720 acerbe,
1038 1680 1097 1713 sed
1118 1680 1226 1724 juste,
1252 1683 1408 1726 exagitat
1426 1682 1690 1726 Βοηωεοὶιυω,

879 1724 1043 1758 hominem
1079 1726 1293 1771 imperitum,
1328 1728 1386 1771 qui
1421 1739 1605 1772 paucorum
1631 1730 1689 1772 (v.

877 1781 952 1804 ann.
975 1772 1017 1804 ad
1037 1772 1125 1815 390)
1150 1784 1334 1817 eorumque
1353 1774 1578 1818 improborum
1598 1787 1691 1809 com-

877 1817 1029 1858 mercio,
1054 1829 1234 1862 procorum
1260 1819 1409 1857 scilicet,
1434 1820 1543 1853 fretus
1566 1832 1691 1865 super-

877 1861 1006 1896 biebat.
1049 1863 1104 1896 cui
1129 1865 1288 1898 nebuloni
1314 1877 1351 1898 se
1375 1865 1483 1909 ipsum
1509 1867 1690 1910 magnifice

878 1909 1041 1961 opponit,
1072 1909 1183 1943 vitum
1216 1911 1318 1944 fortis
1305 1911 1437 1945 simum
1471 1923 1511 1946 ac
1538 1915 1690 1957 pruden-

874 1955 1061 1997 tissimum,
1096 1956 1153 1999 qui
1177 1968 1288 1990 mores
1311 1958 1484 1991 hominum
1509 1959 1690 1995 multorum

877 2001 966 2033 vicht
990 2006 1023 2034 et
1039 2001 1150 2042 urbes,
1175 2003 1302 2036 amicus
1317 2004 1510 2038 Atridarum
1533 2010 1569 2038 et
1589 2006 1688 2050 prin-

877 2045 988 2090 cipum
1009 2047 1194 2089 Graeciae,
1216 2049 1430 2094 dilectusque
1450 2050 1580 2084 deabus
1605 2052 1688 2086 Pal-

874 2092 957 2133 laeli,
982 2092 1184 2138 Calypsoni‚
1210 2094 1345 2130 Circae.
1373 2107 1444 2129 cum
1468 2096 1605 2141 pessimi
1628 2097 1688 2133 isti

873 2138 973 2183 proci
1008 2150 1052 2173 ne
1083 2140 1138 2172 uni
1164 2140 1300 2186 quidem
1325 2142 1520 2195 Penelopae
1535 2146 1688 2201 accepti

874 2187 1002 2225 esseut,
1029 2185 1176 2219 feminae
1199 2187 1346 2221 mortali.
1370 2206 1416 2213 —-
1442 2190 1542 2223 στει
1552 2202 1601 2224 νο
1615 2203 1686 2224 ιν·-

872 2243 935 2266 το.
974 2230 1023 2263 ita
1046 2231 1124 2264 Sch.
1151 2239 1391 2278 praeterquam
1416 2235 1568 2269 editione
1591 2237 1686 2271 anti-

872 2289 939 2321 qua
958 2277 1029 2317 illa,
1054 2289 1154 2322 quam
1172 2279 1399 2314 Buttmannus
1422 2281 1598 2322 adhibuit3
1625 2283 1686 2327 qui,

872 2334 947 2358 cum
983 2323 1153 2359 exclamat
1189 2325 1305 2367 Male,
1341 2328 1401 2371 fug3
1391 2327 1435 2359 it
1468 2339 1542 2361 eum
1579 2330 1682 2364 ratio.

871 2377 926 2402 est
950 2369 1036 2403 enim
1061 2375 1163 2404 vetus
1187 2353 1401 2416 probusqueD
1409 2372 1465 2408 ille
1488 2375 1609 2408 modus
1630 2373 1684 2407 (1ίὲ

870 2416 991 2456 cendi,
1025 2427 1121 2460 quem
1147 2423 1277 2450 tautum
1302 2430 1368 2451 non
1393 2418 1519 2463 ubique
1544 2420 1628 2453 oblit
1632 2427 1684 2453 te-

870 2468 1035 2494 taverunt
1060 2461 1204 2495 librarii.
1235 2463 1330 2496 velut
1356 2465 1454 2498 Harl.
1482 2466 1592 2500 codex
1622 2466 1684 2500 ha-

868 2507 929 2541 bet.
953 2507 1127 2551 vulgatum
1152 2509 1344 2548 atsthotro
1368 2511 1427 2544 sed
1444 2511 1579 2544 Schol..
1604 2524 1683 2547 στε-

869 2553 917 2588 νοὶ
942 2567 979 2597 γ..
983 2567 1108 2595 νοιτο,
1144 2567 1186 2588 ex
1212 2568 1278 2598 quo
1303 2557 1437 2589 inteliiu
1416 2568 1500 2599 gas,
1536 2558 1570 2590 in
1606 2557 1682 2602 ipso

871 2599 989 2634 ordine
1013 2600 1174 2645 scriptum
1194 2602 1304 2635 fuisse
1327 2601 1482 2646 primitus
1506 2604 1682 2640 στείνοιν-

869 2659 936 2686 το,
967 2648 1028 2680 sed
1063 2652 1229 2680 mutatum
1263 2656 1340 2700 post
1375 2660 1448 2681 esse
1472 2649 1610 2695 lemma,
1642 2657 1683 2686 ut

872 2692 1012 2726 centies.
1049 2699 1243 2736 praeterea
1264 2694 1300 2726 in
1323 2691 1569 2738 Stephaniauis
1600 2696 1680 2731 edd.

870 2738 1000 2782 legitur
1025 2739 1211 2774 στείνοντο
1237 2751 1299 2783 pro
1323 2750 1537 2777 στεινοιντο.
1583 2749 1681 2778 recte

869 2783 978 2829 igitur
1008 2784 1073 2818 hoc
1104 2784 1256 2818 restituit
1281 2785 1433 2825 C1.‚W
1467 2787 1521 2820 bis
1555 2789 1680 2833 excudi

866 2831 955 2873 jussa
945 2831 985 2864 t.
1028 2833 1101 2865 Am.
1130 2832 1194 2870 Q.
1230 2844 1350 2887 ουτως
1372 2827 1681 2890 ταραχθήσεσθοιι

868 2875 1205 2931 (ταραχθησεται),
1234 2891 1283 2919 ως
1308 2878 1433 2914 δοκεῖν
1463 2893 1530 2922 τας
1554 2874 1680 2949 θύρας

869 2921 996 2966 στενὰς
1020 2928 1126 2960 εἰναι.
1172 2937 1175 2939 ·
1271 2973 1301 3012 5
1321 2970 1343 2996 *
