1821 3288
28 1467 32 1472 .
85 1440 192 1471 τερον
213 1441 254 1462 το
277 1428 467 1470 πρότερον.

581 104 1164 147 ΟΔΥΣΣΕΙΑΣ
1226 106 1277 148 Φ.

1670 103 1756 145 15Ί

257 212 444 269 λίσσομ’,
474 212 563 256 ἐπεὶ
592 214 668 256 καὶ
699 217 833 257 τοῦτο
864 214 967 266 ἔπος
995 214 1105 259 κατὰ
1134 218 1298 282 μοῖραν
1328 213 1452 267 ἔειπε,

255 275 343 314 νῦν
373 272 453 325 μὲν
484 274 652 312 παῦσαι
684 272 826 322 τόξον,
858 271 1085 328 ἐπιτρέψαι
1115 272 1160 314 δὲ
1190 275 1384 314 θεοῖσιν·

145 332 228 373 280
257 325 417 396 ἠῶθεν
436 326 482 369 δὲ
510 326 614 378 θεὸς
645 327 776 370 δώσει
806 329 976 381 κράτος,
1008 329 1042 384 ᾧ
1071 326 1117 370 κ’
1147 327 1272 384 ἐθέλῃ
1278 338 1356 370 σιν.

259 382 359 426 ἀλλ’
390 381 464 438 ἄγε
495 399 570 438 μοι
601 384 697 426 δότε
726 384 852 434 τόξον
881 382 1048 436 ἐϋξοον,
1079 384 1202 439 όφρα
1230 344 1335 454 μῃεθ’
1362 381 1473 436 ὑμῖν

259 443 417 494 χειρῶν
447 441 520 483 καὶ
552 441 731 491 σθένεος
759 440 1034 496 πειρήσομαι,
1067 443 1106 484 εἴ
1132 456 1209 496 μοι
1241 437 1302 483 ε”τ
1335 439 1453 483 ἐστὶν

254 498 312 548 ἲς,
328 497 409 566 οἴη
437 495 578 551 πάρος
609 497 732 539 ἔσκεν
762 497 825 540 ἐνὶ
854 502 1114 568 γναμπτοῖσι
1145 497 1358 553 μέλεσσιν,

255 552 287 609 ἦ
311 551 395 608 ἤδη
420 570 497 608 μοι
527 552 702 596 ὄλεσσεν
732 552 813 610 ἄλη
842 552 898 603 τ’,
931 554 1161 610 ἀκομιστίη
1189 569 1249 597 τε.
1253 556 1280 577 “

306 632 356 666 illi
383 632 635 667 vehementer‘
626 632 748 676 irasci,
783 632 986 679 praesertim
1011 633 1205 676 Antinous,
1240 630 1300 678 qui
1331 629 1451 666 verbis
1482 640 1558 664 eum
1590 628 1751 675 castigat,

191 709 194 711 .
227 681 263 714 et
285 678 491 723 supplicium
514 680 674 713 minatur.

143 738 229 780 285
332 733 416 785 Ως
447 733 598 790 ὲηφαθ·

631 737 676 778 οἱ
707 733 749 778 δ’
783 734 871 789 ἄρα
903 733 1063 785 πάντες
1092 734 1374 804 ὑπερφιάλως
1402 732 1667 790 νεμέσησαν,

258 791 500 844 δείσαντες,
532 792 588 862 μὴ
618 790 748 842 τόξον
778 790 938 841 ἐΰξοον
967 791 1256 864 ἐντανύσειεν

257 846 474 898 Ἀντίνοος
505 847 550 890 δ’
581 846 800 899 ἐνένιπεν,
829 848 932 898 ἐπος
961 846 1003 890 τ’
1037 847 1178 901 ἔφατ’,
1210 849 1256 891 ἐκ
1285 848 1328 891 τ’
1360 845 1599 902 ὀνόμαζεν·

337 909 407 955 ‚:A
435 904 544 947 δειλὲ
581 905 758 955 ξείνων,
791 903 855 947 ἔνι
885 920 953 945 τοι
984 903 1141 958 φρένες
1171 903 1273 947 οὐδ’
1305 904 1490 960 ἠβαιαί]

258 958 340 1003 οὐκ
370 959 560 1016 ἀγαπᾷς,
595 959 620 1002 ὃ
651 959 803 1016 εκηλος
832 959 1146 1029 ὑπερφιάλοισι
1174 959 1277 1029 μεθ’
1308 961 1415 1030 ἡμῖν

142 1020 228 1060 290
258 1019 484 1068 δαίνυσαι,
517 1015 621 1059 οὐδέ
650 1033 692 1059 τι
723 1016 871 1067 δαιτὸς
902 1015 1133 1071 αμέρδεαι,
1166 1015 1306 1070 αὐτάρ
1339 1015 1529 1068 ακούεις.

250 1071 414 1127 μύθων
443 1073 692 1128 ἡμετέρων,
725 1073 798 1115 καὶ
830 1072 1002 1128 ρησιος,
1034 1073 1138 1142 οὐδὲ
1168 1091 1232 1125 τις
1264 1073 1394 1125 ἄλλος

254 1128 476 1201 ἡμετέρων
505 1129 665 1184 μύθων
696 1130 834 1180 ξεῖνος
864 1131 936 1174 καὶ
965 1130 1132 1185 πτωχὸς
1163 1130 1327 1174 ακούει.

255 1187 378 1237 οἰνός
409 1197 456 1230 σε
484 1185 615 1243 τρώει
644 1187 871 1243 μελιηδής,
905 1186 1007 1231 ὅστε
1035 1188 1111 1230 καὶ
1141 1186 1301 1239 ἄλλους

130 1288 343 1325 278-284.
376 1289 455 1325 καὶ
487 1289 652 1331 τοῦτο,
688 1290 795 1323 etiam
820 1290 893 1332 Ῑιοο,

85 1339 125 1370 ut
149 1342 249 1370 antea
273 1335 353 1369 illud
382 1338 574 1371 176—180.
603 1337 702 1370 Seli..
694 1348 702 1357 ·
729 1335 829 1371 ἐπεὶ
850 1354 893 1362 —-

85 1381 251 1418 ἔειπεν.
277 1379 295 1416 6
319 1380 508 1421 Ἀντίνοος.
531 1382 623 1425 πρός
646 1395 716 1437 γαρ
741 1382 782 1416 τό
809 1379 893 1417 δεύ-

503 1428 615 1471 (ἰιῃοε
640 1428 733 1470 πρὸς
757 1427 826 1472 γάρ
851 1426 892 1462 τὸ

84 1474 268 1518 πρότερον
286 1474 326 1509 τό
344 1474 529 1518 δεύτερον,
554 1474 658 1507 intell.
679 1474 754 1510 εἷπε
760 1487 778 1508 v
794 1475 892 1517 ἔπος,

84 1523 235 1556 alterum
246 1522 365 1577 priori
387 1524 488 1554 zerbo
513 1520 684 1564 subjecit)
711 1519 893 1563 ἐπιτρέ-

84 1575 180 1609 wat
213 1564 261 1602 δὲ
293 1570 332 1602 θ.
369 1565 478 1621 εἶξαι
493 1567 555 1601 καὶ
589 1568 817 1610 συγχωρῆσαι
849 1567 894 1612 τῇ

86 1613 209 1660 εορτῇ.
246 1613 348 1647 aliter
372 1614 422 1646 E:
458 1610 526 1654 όρα
551 1612 592 1648 τὸ
619 1611 681 1647 ἐπ.
706 1615 894 1654 θεοῖσι,

83 1662 213 1716 μίγμα
224 1656 269 1694 ὂν
293 1657 447 1694 ἐπαίνου
470 1661 532 1695 καὶ
557 1658 783 1702 σκώμματος.
820 1660 894 1716 δῆ-

85 1709 150 1742 λον
169 1719 251 1751 γαρ,
278 1719 328 1746 ως
355 1704 510 1740 ἀνέθετο
535 1706 581 1740 τοὶ
604 1707 673 1739 τοῦ
696 1706 806 1747 τόξου
820 1703 893 1760 Ἀν-

85 1755 210 1793 τίνοος
234 1752 270 1791 ἐς
293 1748 361 1795 τήν
380 1750 526 1794 αὔριον,
551 1749 599 1791 ὦς
617 1750 658 1794 μὲ
664 1765 685 1785 ν
710 1749 823 1792 αὐτὸς
849 1748 895 1786 ἂν

45 1815 49 1818 ’
85 1798 172 1844 ε’ρεῖ,
197 1797 364 1832 οἷνοιτιθε1
356 1811 389 1837 ις
415 1795 539 1838 ἃπλως
565 1799 641 1842 θεῷ
665 1811 711 1831 τα
737 1800 806 1832 τοῦ
833 1797 894 1841 ε’ρ-

84 1859 154 1890 γου
179 1845 235 1889 (at
259 1855 341 1877 vero
367 1845 402 1877 id
426 1855 492 1877 non
518 1844 603 1877 dicit
625 1845 806 1887 265-68,
832 1844 893 1878 sed

86 1902 184 1937 opem
219 1895 348 1924 tantum
381 1889 547 1934 Apollinis
571 1889 790 1932 κλυτοτόξου
827 1902 892 1924 ex-

85 1936 266 1990 petendam
300 1947 376 1969 esse
409 1935 632 1979 significat),
671 1935 820 1993 αληθῶς
851 1934 892 1971 δὲ

86 1997 133 2020 ου
167 1984 278 2017 τοῦτο
302 1981 439 2026 μόνον,
471 1980 561 2016 ἄλλα
585 1982 646 2016 -ιαὶ
671 1982 729 2017 ὅτι
753 1981 891 2027 α’μηχα-

83 2031 236 2069 νοῦντες
278 2029 552 2071 προκαλοῦνται
595 2026 636 2063 τὸ
679 2031 789 2063 θεῖον
838 2030 890 2069 εἰς

28 2098 53 2118 η
84 2075 272 2120 σύναρσιν.
298 2074 360 2117 (cs.
385 2075 483 2118 338)
508 2094 549 2099 ——
580 2074 889 2118 πειρήσομαι,

82 2134 267 2164 π-ωμαι,
289 2140 334 2145 ———
369 2118 441 2154 ἐνὶ
473 2126 764 2176 γναμπτοῖσι
798 2125 890 2165 μελ.

83 2168 125 2210 λ’,
147 2170 215 2204 393
239 2171 306 2201 etc.
341 2185 385 2190 —
419 2167 472 2200 E:
481 2164 582 2221 ἔτλη
608 2167 679 2210 (o'‚
703 2167 796 2212 344)
822 2181 888 2210 τε,

85 2214 343 2269 ἀκομιστίη
368 2225 423 2247 τε.
466 2211 590 2269 ἤγουν
608 2212 641 2260 ἡ
653 2213 793 2259 πλάνη,
828 2214 890 2249 καὶ

83 2260 125 2297 τὸ
150 2261 201 2306 μὴ
228 2259 321 2304 ἔχειν
343 2258 514 2303 κομιδήν,
544 2256 590 2294 δι’
616 2260 660 2303 ἧς
684 2263 892 2303 τημελεῖται

82 2308 126 2343 τὸ
151 2307 268 2351 σῶμα.
305 2305 347 2339 de
382 2306 550 2350 producta
582 2306 766 2350 penultima
790 2307 890 2342 verbi

78 2352 193 2399 ἀ’κομ.
218 2365 250 2388 ν.
275 2352 314 2388 Il.
337 2350 384 2397 β’,
408 2352 476 2389 518
501 2358 566 2388 etc.

80 2448 82 2450 .
129 2423 209 2458 285.
256 2417 301 2464 ρ’,
325 2420 405 2456 481.

79 2494 85 2496 >
129 2481 210 2514 287.
257 2478 314 2514 84.

129 2536 345 2570 288—309.
392 2533 466 2570 ἔνι
492 2553 539 2560 —-
562 2533 744 2581 ἠβαιαί.
793 2536 831 2570 ΙΙ.
847 2534 891 2578 ξ’,

85 2582 184 2618 141⁸
218 2579 294 2615 ἐπεὶ
318 2580 366 2615 οὕ
389 2582 426 2616 οἱ
461 2581 514 2617 ἔνι
548 2583 701 2638 φρένες,
732 2580 823 2617 ουδ’
847 2580 889 2627 η’-

82 2628 202 2674 βαιαί.
248 2626 524 2662 V.1b1ann—
560 2642 644 2664 ουκ
678 2627 889 2676 οἷγαπᾶς,

84 2686 152 2707 non
175 2673 263 2707 satis
294 2673 417 2715 habes,
450 2685 518 2707 non
551 2687 591 2709 eo
626 2680 808 2709 contentus
841 2686 890 2708 es.

80 2719 139 2754 E·
175 2719 215 2754 τὸ
248 2716 331 2754 ov’n
365 2732 429 2763 αγ.
488 2721 571 2762 (hoc
606 2721 761 2773 quidem
777 2732 891 2764 sensu,

81 2777 186 2810 quem
220 2764 398 2821 explicui.)
454 2763 571 2801 ἔπεισε
608 2766 699 2807 τούς
735 2764 892 2810 ὕστερον

66 2811 144 2868 {nl
168 2811 235 2847 τοῦ
263 2810 458 2869 ἀρκεῖσθαι
488 2811 636 2848 τιθέναι
660 2811 702 2849 τὰ
728 2812 892 2860 αγαποῖν,

84 2854 106 2894 ὃ
129 2859 193 2894 καὶ
215 2857 307 2902 μετὰ
332 2858 482 2902 δοτικῆς
510 2856 658 2894 ἐκεῖνοι
668 2871 892 2895 συντασσου-

83 2914 151 2939 σιν.
176 2906 228 2950 (ν.
252 2905 357 2940 Sclxn.
382 2916 416 2938 v.
442 2903 617 2959 ἀγαπᾷν)
641 2924 687 2931 -—
719 2902 750 2950 ὃ,
776 2903 892 2952 ἤγουν

81 2946 169 2986 ὅτι.
194 2969 238 2977 -—
272 2951 375 2985 Scit:
400 2949 772 2997 ὑπερφιάλοισι.
819 2954 891 2989 νῦν

939 1292 1020 1330 τοῖς
1041 1287 1130 1324 κατ’
1154 1288 1290 1336 ἀρετὴν
1316 1287 1550 1347 διαφέρουσι.
1599 1287 1652 1321 E:
1685 1298 1750 1332 ση-

939 1339 1131 1381 μειοῦνται
1168 1338 1204 1373 οὶ
1228 1338 1398 1377 παλαιοὶ,
1430 1335 1481 1377 ὠς
1514 1333 1750 1391 ὑπερφιά-

939 1387 1052 1423 λους
1085 1382 1174 1424 τοῦς
1205 1386 1417 1440 μνηστῆρας
1442 1382 1460 1418 ὁ
1485 1381 1665 1421 Ἀντίνοος
1689 1378 1750 1415 ε’πὶ

940 1427 1077 1483 ἐπαίνῳ
1119 1433 1254 1485 φησίν·
1300 1430 1347 1465 ου’
1377 1443 1446 1475 γαρ
1481 1427 1602 1472 δήπου
1644 1426 1753 1471 ψέγει

939 1487 1027 1516 τους
1050 1475 1133 1510 κατ’
1152 1474 1287 1511 αὐτόν.
1337 1477 1370 1512 εἰ
1398 1474 1450 1521 μή
1483 1473 1557 1518 ἄρα
1584 1472 1750 1520 βαρυνό-

938 1534 1048 1566 μενος
1081 1521 1190 1566 λέγει,
1223 1536 1273 1563 ως
1305 1521 1411 1566 ἄξιος
1443 1524 1546 1566 κρίνῃ
1587 1531 1748 1555 συιευω-

939 1571 1088 1623 χεῖσθαι
1112 1567 1200 1612 ἡμῖν
1224 1572 1323 1612 τοῖς,
1362 1567 1411 1610 ὠς
1443 1570 1479 1603 οὶ
1510 1569 1639 1602 πολλοί
1675 1579 1748 1611 φα-

942 1627 1019 1654 σιν,
1053 1612 1309 1659 υπερφιάλοις.
1357 1616 1420 1648 hoc
1455 1613 1637 1648 tenendum
1673 1624 1750 1646 esse

940 1663 1018 1704 ajo,
1046 1667 1085 1694 ut
1109 1662 1185 1707 ipsa
1207 1662 1266 1696 illa
1291 1662 1545 1716 appellatione,
1582 1670 1649 1704 qua
1673 1660 1750 1692 vul-

940 1718 985 1751 go
1019 1708 1225 1741 notabantur
1259 1709 1357 1752 proci
1391 1708 1610 1751 Penelopae,
1647 1704 1750 1738 Anti-

940 1763 1025 1786 nous
1051 1758 1148 1786 utens
1174 1756 1295 1787 samam
1329 1754 1498 1798 publicam
1530 1756 1747 1792 contemnat,-

941 1799 1220 1842 quemadmodum
1253 1800 1329 1833 olim
1362 1799 1511 1843 Belgae,
1548 1799 1591 1832 ab
1618 1797 1749 1841 Hispa-

940 1845 994 1877 nis
1019 1846 1260 1888 arrogantibus
1295 1846 1411 1879 vocati
1444 1857 1507 1891 per
1540 1848 1748 1878 contemtum

938 1889 1082 1924 mendici
1117 1892 1257 1934 marini,
1293 1892 1328 1925 id
1362 1891 1428 1936 ipsi
1461 1902 1581 1925 nomen
1617 1900 1748 1923 assuru-

938 1942 1077 1977 serunt,
1104 1940 1264 1982 tanquam
1290 1937 1409 1971 honori
1413 1937 1523 1970 ficum
1563 1941 1747 1981 praeterea

936 1981 1001 2014 hoc
1027 1961 1130 2016 ve’rbo
1158 1984 1321 2017 Antinous
1342 1984 1583 2017 Telemachum
1609 1982 1748 2015 videtur

935 2027 1101 2082 irridere,
1129 2029 1185 2072 qui
1209 2030 1363 2064 similiter
1387 2028 1432 2075 β’,
1457 2032 1559 2064 310..·
1581 2025 1746 2070 Ἀντίνο’,

936 2071 1062 2114 οὔπως
1106 2073 1204 2109 ἔστιν
1243 2073 1601 2120 ’ὑπερφιάλοισι
1635 2072 1746 2118 μεθ’

936 2118 1055 2164 υμῖν
1081 2123 1390 2162 Δαίνυσθαι,
1417 2123 1513 2165 cujus
1538 2122 1626 2154 hanc
1650 2122 1746 2155 dicas

936 2168 1142 2209 napfflimv
1188 2169 1233 2202 cf.
1259 2181 1336 2202 ann.
1372 2169 1416 2201 ad
1441 2171 1497 2203 91.
1547 2167 1645 2211 paulo
1672 2178 1746 2201 mo-

936 2213 1120 2247 destiorem
1151 2225 1188 2247 se
1218 2217 1362 2259 praebet
1395 2214 1631 2256 Eurymachus
1663 2213 1745 2248 323.

935 2259 980 2292 cf.
1014 2258 1201 2295 331—33
1252 2268 1401 2295 ceterum
1423 2272 1458 2294 v.
1481 2260 1520 2293 ΙΙ.
1537 2258 1582 2304 γ’,
1612 2261 1688 2297 106.
1699 2277 1743 2284 -

937 2306 1195 2349 δαίνυσαι,
1239 2327 1285 2331 -
1330 2305 1577 2350 ἀμέρδεαι.
1621 2317 1746 2360 2019oe-

935 2363 1172 2395 κτηριστικως
1193 2352 1341 2386 inculcat
1366 2364 1457 2392 rem,
1497 2364 1604 2397 quae
1619 2351 1684 2397 ipsi
1709 2355 1746 2386 et

939 2399 1053 2443 procis
1077 2410 1235 2432 summum
1261 2400 1384 2432 bonum
1409 2398 1560 2432 videtur.
1586 2417 1630 2422 —
1661 2396 1746 2441 μύ-

936 2447 1038 2478 θων
1076 2441 1144 2489 ἡμ.
1160 2470 1171 2487 ,
1203 2445 1282 2479 καὶ
1314 2444 1511 2489 ῥήσιος,
1551 2448 1745 2477 nostrorum

937 2501 1129 2525 sermonum
1169 2497 1203 2525 ct
1234 2492 1403 2535 colloquii.
1448 2489 1641 2534 tautologia
1671 2496 1745 2525 sto-

936 2536 998 2569 lidi
1022 2544 1127 2581 atque
1152 2538 1365 2581 arrogantis,
1401 2536 1455 2570 cui
1480 2548 1635 2579 magnum
1659 2548 1744 2581 pon-

939 2582 1000 2615 dus
1025 2583 1151 2616 habere
1175 2584 1336 2616 videntur
1369 2583 1493 2637 futiles
1523 2582 1584 2616 isti
1616 2593 1745 2616 sermo-

937 2639 998 2661 nes
1021 2640 1212 2673 procorum.
1237 2647 1283 2654 ——-
1315 2629 1365 2662 Ε·
1400 2622 1542 2673 τρώει
1567 2642 1647 2663 αντι
1674 2630 1746 2663 τοῦ

936 2673 1098 2729 βλάπτει.
1124 2674 1295 2718 (similiter
1318 2676 1440 2718 Eun-ip.
1454 2675 1617 2718 Cyclope,
1641 2674 1743 2710 405.=

936 2720 1068 2763 τρώσει
1111 2733 1172 2754 νιν
1209 2726 1320 2761 οἰνος.
1377 2721 1510 2754 Ennius
1539 2720 1633 2764 apud
1662 2721 1744 2755 Ful-

939 2766 1089 2810 gentium
1114 2767 1270 2811 Exposit.
1284 2777 1383 2800 serm.
1408 2772 1476 2802 ant.
1502 2778 1536 2800 ν.
1552 2767 1742 2811 friguttire,

937 2813 1035 2846 Poet.
1069 2824 1162 2846 scen.
1199 2813 1274 2846 Lat.
1299 2815 1342 2853 5,
1377 2814 1410 2846 2.
1437 2825 1470 2857 p.
1497 2815 1550 2847 7.=
1579 2814 1743 2848 ‘nimirum

937 2869 973 2891 sc
989 2861 1078 2902 flore
1109 2860 1281 2893 sauciavit
1320 2859 1446 2893 Liberi.
1502 2859 1675 2893 Martialis
1707 2860 1741 2899 4,

936 2906 1000 2946 66,
1027 2906 1103 2939 12:
1135 2906 1256 2938 saucia
1280 2916 1369 2938 vena
1393 2916 1486 2939 mero
1511 2907 1599 2949 etc.)
1645 2907 1739 2947 γίνε-

935 2963 998 2987 ται
1021 2949 1062 2987 δὲ
1094 2949 1133 2987 ἐκ
1163 2952 1233 2986 τοῦ
1267 2951 1363 2998 τρῶ,
1395 2952 1464 2988 τοῦ
1494 2951 1740 2996 συγκοπέντος
