<?xml version="1.0" encoding="UTF-8"?>
<!DOCTYPE html PUBLIC "-//W3C//DTD XHTML 1.0 Transitional//EN"
    "http://www.w3.org/TR/xhtml1/DTD/xhtml1-transitional.dtd">
<html xmlns="http://www.w3.org/1999/xhtml" xml:lang="en" lang="en">
 <head>
  <title>
</title>
<meta http-equiv="Content-Type" content="text/html;charset=utf-8" />
  <meta name='ocr-system' content='tesseract 3.04.00' />
  <meta name='ocr-capabilities' content='ocr_page ocr_carea ocr_par ocr_line ocrx_word'/>
</head>
<body>
  <div class='ocr_page' id='page_1' title='image "./carmina05home_0215.png"; bbox 0 0 1821 3288; ppageno 0'>
   <div class='ocr_carea' id='block_1_1' title="bbox 559 99 1269 145">
    <p class='ocr_par' dir='ltr' id='par_1_1' title="bbox 559 99 1269 145">
     <span class='ocr_line' id='line_1_1' title="bbox 559 99 1269 145; baseline 0.006 -4"><span class='ocrx_word' id='word_1_1' title='bbox 559 99 1150 145; x_wconf 74' lang='grc' dir='ltr'><em>ΟΔῬΣΣΕΙΑΣ</em></span> <span class='ocrx_word' id='word_1_2' title='bbox 1212 103 1269 144; x_wconf 76' lang='grc' dir='ltr'><strong><em>Ψ.</em></strong></span> 
     </span>
    </p>
   </div>
   <div class='ocr_carea' id='block_1_2' title="bbox 1673 109 1759 150">
    <p class='ocr_par' dir='ltr' id='par_1_2' title="bbox 1673 109 1759 150">
     <span class='ocr_line' id='line_1_2' title="bbox 1673 109 1759 150; baseline 0 0"><span class='ocrx_word' id='word_1_3' title='bbox 1673 109 1759 150; x_wconf 70' lang='lat' dir='ltr'><strong><em>2oe</em></strong></span> 
     </span>
    </p>
   </div>
   <div class='ocr_carea' id='block_1_3' title="bbox 148 208 1589 609">
    <p class='ocr_par' dir='ltr' id='par_1_3' title="bbox 148 208 1589 609">
     <span class='ocr_line' id='line_1_3' title="bbox 261 208 1528 283; baseline 0.002 -29"><span class='ocrx_word' id='word_1_4' title='bbox 261 211 310 255; x_wconf 76' lang='grc' dir='ltr'><strong><em>ἐν</em></strong></span> <span class='ocrx_word' id='word_1_5' title='bbox 337 210 448 267; x_wconf 83' lang='grc' dir='ltr'><em>λέχει</em></span> <span class='ocrx_word' id='word_1_6' title='bbox 468 208 663 283; x_wconf 77' lang='grc' dir='ltr'><strong><em>ἀσκητῷ.</em></strong></span> <span class='ocrx_word' id='word_1_7' title='bbox 693 210 743 254; x_wconf 84' lang='grc' dir='ltr'><strong><em>τὸ</em></strong></span> <span class='ocrx_word' id='word_1_8' title='bbox 774 209 821 253; x_wconf 84' lang='grc' dir='ltr'><strong><em>δ’</em></strong></span> <span class='ocrx_word' id='word_1_9' title='bbox 848 209 934 267; x_wconf 78' lang='grc' dir='ltr'><strong><em>ἐγω</em></strong></span> <span class='ocrx_word' id='word_1_10' title='bbox 963 209 1118 267; x_wconf 82' lang='grc' dir='ltr'><strong><em>κάμον,</em></strong></span> <span class='ocrx_word' id='word_1_11' title='bbox 1151 210 1257 255; x_wconf 84' lang='grc' dir='ltr'><strong><em>ου’δέ</em></strong></span> <span class='ocrx_word' id='word_1_12' title='bbox 1286 226 1353 280; x_wconf 80' lang='grc' dir='ltr'><strong><em>τις</em></strong></span> <span class='ocrx_word' id='word_1_13' title='bbox 1382 209 1528 267; x_wconf 77' lang='grc' dir='ltr'><strong><em>αλλος.</em></strong></span> 
     </span>
     <span class='ocr_line' id='line_1_4' title="bbox 152 260 1381 341; baseline -0.003 -27"><span class='ocrx_word' id='word_1_14' title='bbox 152 273 233 314; x_wconf 88' lang='grc'><strong><em>190</em></strong></span> <span class='ocrx_word' id='word_1_15' title='bbox 261 266 435 338; x_wconf 84' lang='grc' dir='ltr'><strong><em>θάμνος</em></strong></span> <span class='ocrx_word' id='word_1_16' title='bbox 465 266 541 322; x_wconf 78' lang='grc' dir='ltr'><strong><em>ἐήν</em></strong></span> <span class='ocrx_word' id='word_1_17' title='bbox 570 260 860 323; x_wconf 81' lang='grc' dir='ltr'><strong><em>τανυφύλλου</em></strong></span> <span class='ocrx_word' id='word_1_18' title='bbox 889 269 1034 341; x_wconf 80' lang='grc' dir='ltr'><strong><em>ἐλαίης</em></strong></span> <span class='ocrx_word' id='word_1_19' title='bbox 1048 268 1212 339; x_wconf 80' lang='grc' dir='ltr'><strong><em>ἕρκεος</em></strong></span> <span class='ocrx_word' id='word_1_20' title='bbox 1243 267 1381 321; x_wconf 82' lang='grc' dir='ltr'><strong><em>ἐντος,</em></strong></span> 
     </span>
     <span class='ocr_line' id='line_1_5' title="bbox 215 319 1375 381; baseline -0.001 -14"><span class='ocrx_word' id='word_1_21' title='bbox 215 325 238 354; x_wconf 88' lang='grc'>*</span> <span class='ocrx_word' id='word_1_22' title='bbox 268 323 463 379; x_wconf 79' lang='grc' dir='ltr'><strong><em>ἀκμηνὸς</em></strong></span> <span class='ocrx_word' id='word_1_23' title='bbox 491 324 713 376; x_wconf 80' lang='grc' dir='ltr'><em>θαλέθων,</em></span> <span class='ocrx_word' id='word_1_24' title='bbox 744 325 927 380; x_wconf 77' lang='grc' dir='ltr'><em>πάχετος</em></span> <span class='ocrx_word' id='word_1_25' title='bbox 959 325 1004 368; x_wconf 89' lang='lat'><strong><em>6’</em></strong></span> <span class='ocrx_word' id='word_1_26' title='bbox 1035 319 1092 381; x_wconf 81' lang='grc' dir='ltr'><strong><em>ἦν</em></strong></span> <span class='ocrx_word' id='word_1_27' title='bbox 1120 323 1225 380; x_wconf 81' lang='grc' dir='ltr'><strong><em>ηὕτε</em></strong></span> <span class='ocrx_word' id='word_1_28' title='bbox 1252 326 1375 367; x_wconf 70' lang='lat' dir='ltr'>uiam</span> 
     </span>
     <span class='ocr_line' id='line_1_6' title="bbox 263 360 1589 451; baseline 0.003 -27"><span class='ocrx_word' id='word_1_29' title='bbox 263 385 323 436; x_wconf 79' lang='grc' dir='ltr'><strong><em>τῷ</em></strong></span> <span class='ocrx_word' id='word_1_30' title='bbox 355 381 398 424; x_wconf 86' lang='grc' dir='ltr'><strong><em>δ’</em></strong></span> <span class='ocrx_word' id='word_1_31' title='bbox 432 380 514 436; x_wconf 79' lang='grc' dir='ltr'><strong><em>ἐγώ</em></strong></span> <span class='ocrx_word' id='word_1_32' title='bbox 545 360 808 437; x_wconf 68' lang='grc' dir='ltr'><strong><em>ἀμφιβαλών</em></strong></span> <span class='ocrx_word' id='word_1_33' title='bbox 837 381 1045 440; x_wconf 85' lang='grc' dir='ltr'><strong><em>θάλαμον</em></strong></span> <span class='ocrx_word' id='word_1_34' title='bbox 1069 381 1221 451; x_wconf 83' lang='grc' dir='ltr'><strong><em>δέμον,</em></strong></span> <span class='ocrx_word' id='word_1_35' title='bbox 1251 379 1359 436; x_wconf 79' lang='grc' dir='ltr'><strong><em>ὄφρ’</em></strong></span> <span class='ocrx_word' id='word_1_36' title='bbox 1390 380 1589 428; x_wconf 77' lang='grc' dir='ltr'><em>ἐτέλεσσα</em></span> 
     </span>
     <span class='ocr_line' id='line_1_7' title="bbox 258 437 1426 508; baseline -0.001 -27"><span class='ocrx_word' id='word_1_37' title='bbox 258 441 480 508; x_wconf 85' lang='grc' dir='ltr'><strong><em>πυκνῇσιν</em></strong></span> <span class='ocrx_word' id='word_1_38' title='bbox 508 438 747 488; x_wconf 81' lang='grc' dir='ltr'><em>λιθάδεσσι,</em></span> <span class='ocrx_word' id='word_1_39' title='bbox 777 439 852 482; x_wconf 82' lang='grc' dir='ltr'><strong><em>καὶ</em></strong></span> <span class='ocrx_word' id='word_1_40' title='bbox 882 440 930 482; x_wconf 85' lang='grc' dir='ltr'><strong><em>εὐ</em></strong></span> <span class='ocrx_word' id='word_1_41' title='bbox 959 437 1242 491; x_wconf 77' lang='grc' dir='ltr'><strong><em>καθύπερθεν</em></strong></span> <span class='ocrx_word' id='word_1_42' title='bbox 1272 439 1426 491; x_wconf 75' lang='grc' dir='ltr'><strong><em>ἔρεψα</em></strong></span> 
     </span>
     <span class='ocr_line' id='line_1_8' title="bbox 257 493 1437 551; baseline 0 -15"><span class='ocrx_word' id='word_1_43' title='bbox 257 494 471 549; x_wconf 71' lang='grc' dir='ltr'><strong><em>κολλητὰς</em></strong></span> <span class='ocrx_word' id='word_1_44' title='bbox 501 495 542 536; x_wconf 86' lang='grc' dir='ltr'><strong><em>δ’</em></strong></span> <span class='ocrx_word' id='word_1_45' title='bbox 573 494 766 550; x_wconf 77' lang='grc' dir='ltr'><strong><em>ἐπέθηκα</em></strong></span> <span class='ocrx_word' id='word_1_46' title='bbox 794 494 951 551; x_wconf 83' lang='grc' dir='ltr'><strong><em>θύρας,</em></strong></span> <span class='ocrx_word' id='word_1_47' title='bbox 981 499 1176 547; x_wconf 76' lang='grc' dir='ltr'><strong><em>πυκινῶς</em></strong></span> <span class='ocrx_word' id='word_1_48' title='bbox 1207 493 1437 548; x_wconf 80' lang='grc' dir='ltr'><strong><em>ἀραρυίας.</em></strong></span> 
     </span>
     <span class='ocr_line' id='line_1_9' title="bbox 148 549 1540 609; baseline -0.001 -15"><span class='ocrx_word' id='word_1_49' title='bbox 148 553 226 596; x_wconf 78' lang='grc'><strong><em>195</em></strong></span> <span class='ocrx_word' id='word_1_50' title='bbox 255 551 330 594; x_wconf 84' lang='grc' dir='ltr'><strong><em>καὶ</em></strong></span> <span class='ocrx_word' id='word_1_51' title='bbox 358 550 456 595; x_wconf 80' lang='grc' dir='ltr'><strong><em>τότ’</em></strong></span> <span class='ocrx_word' id='word_1_52' title='bbox 487 551 618 595; x_wconf 76' lang='grc' dir='ltr'><strong><em>ἔπειτ’</em></strong></span> <span class='ocrx_word' id='word_1_53' title='bbox 654 552 855 604; x_wconf 75' lang='grc' dir='ltr'><strong><em>ἀπέκοψα</em></strong></span> <span class='ocrx_word' id='word_1_54' title='bbox 883 552 1028 609; x_wconf 85' lang='grc' dir='ltr'><strong><em>κόμην</em></strong></span> <span class='ocrx_word' id='word_1_55' title='bbox 1056 551 1343 608; x_wconf 83' lang='grc' dir='ltr'><strong><em>τανυφύλλου</em></strong></span> <span class='ocrx_word' id='word_1_56' title='bbox 1372 549 1540 606; x_wconf 83' lang='grc' dir='ltr'><strong><em>ἐλαίης·</em></strong></span> 
     </span>
    </p>
   </div>
   <div class='ocr_carea' id='block_1_4' title="bbox 40 662 899 3024">
    <p class='ocr_par' dir='ltr' id='par_1_4' title="bbox 40 662 899 2237">
     <span class='ocr_line' id='line_1_10' title="bbox 86 662 899 721; baseline -0.001 -20"><span class='ocrx_word' id='word_1_57' title='bbox 86 664 130 701; x_wconf 84' lang='lat'><strong><em>63¹</em></strong></span> <span class='ocrx_word' id='word_1_58' title='bbox 160 676 236 699; x_wconf 89' lang='grc' dir='ltr'><strong><em>που</em></strong></span> <span class='ocrx_word' id='word_1_59' title='bbox 270 662 343 708; x_wconf 83' lang='grc' dir='ltr'><strong><em>(δ’,</em></strong></span> <span class='ocrx_word' id='word_1_60' title='bbox 369 663 461 710; x_wconf 82' lang='grc'><strong><em>134)</em></strong></span> <span class='ocrx_word' id='word_1_61' title='bbox 491 664 556 700; x_wconf 75' lang='grc' dir='ltr'><strong><em>καὶ</em></strong></span> <span class='ocrx_word' id='word_1_62' title='bbox 588 665 714 710; x_wconf 84' lang='grc' dir='ltr'><strong><em>νῆμα</em></strong></span> <span class='ocrx_word' id='word_1_63' title='bbox 746 664 899 721; x_wconf 78' lang='grc' dir='ltr'><strong><em>φθάσας</em></strong></span> 
     </span>
     <span class='ocr_line' id='line_1_11' title="bbox 86 708 897 768; baseline 0 -21"><span class='ocrx_word' id='word_1_64' title='bbox 86 709 188 747; x_wconf 83' lang='grc' dir='ltr'><strong><em>εἶπεν</em></strong></span> <span class='ocrx_word' id='word_1_65' title='bbox 212 708 431 767; x_wconf 84' lang='grc' dir='ltr'><strong><em>ασκητόν</em></strong></span> <span class='ocrx_word' id='word_1_66' title='bbox 454 708 496 746; x_wconf 89' lang='grc' dir='ltr'><strong><em>τὸ</em></strong></span> <span class='ocrx_word' id='word_1_67' title='bbox 520 710 763 764; x_wconf 70' lang='grc' dir='ltr'><strong><em>ἐπιμεληθὲν,</em></strong></span> <span class='ocrx_word' id='word_1_68' title='bbox 790 726 808 747; x_wconf 91' lang='lat' dir='ltr'>o</span> <span class='ocrx_word' id='word_1_69' title='bbox 833 725 897 768; x_wconf 64' lang='lat' dir='ltr'><strong><em>yp-</em></strong></span> 
     </span>
     <span class='ocr_line' id='line_1_12' title="bbox 87 755 897 802; baseline 0 -10"><span class='ocrx_word' id='word_1_70' title='bbox 87 757 134 802; x_wconf 84' lang='grc' dir='ltr'><em>νὴ</em></span> <span class='ocrx_word' id='word_1_71' title='bbox 160 755 350 802; x_wconf 66' lang='grc' dir='ltr'><strong><em>ἀσκήσειεν</em></strong></span> <span class='ocrx_word' id='word_1_72' title='bbox 384 771 430 793; x_wconf 84' lang='grc' dir='ltr'><strong><em>αν</em></strong></span> <span class='ocrx_word' id='word_1_73' title='bbox 456 757 602 800; x_wconf 67' lang='lat'><strong>3&#39;,91309</strong></span> <span class='ocrx_word' id='word_1_74' title='bbox 640 756 735 793; x_wconf 82' lang='grc' dir='ltr'><strong><em>κατά</em></strong></span> <span class='ocrx_word' id='word_1_75' title='bbox 769 756 810 792; x_wconf 77' lang='grc' dir='ltr'><strong><em>τὸ</em></strong></span> <span class='ocrx_word' id='word_1_76' title='bbox 845 755 897 802; x_wconf 77' lang='grc' dir='ltr'><strong><em>ἤ-</em></strong></span> 
     </span>
     <span class='ocr_line' id='line_1_13' title="bbox 89 804 894 849; baseline -0.004 -9"><span class='ocrx_word' id='word_1_77' title='bbox 89 815 217 840; x_wconf 79' lang='grc' dir='ltr'><strong><em>σκειν</em></strong></span> <span class='ocrx_word' id='word_1_78' title='bbox 241 805 378 848; x_wconf 77' lang='grc' dir='ltr'><strong><em>εἴρια</em></strong></span> <span class='ocrx_word' id='word_1_79' title='bbox 403 805 527 839; x_wconf 83' lang='grc' dir='ltr'><strong><em>καλοὶ</em></strong></span> <span class='ocrx_word' id='word_1_80' title='bbox 555 804 802 849; x_wconf 73' lang='lat' dir='ltr'><strong>(11.y‚388)</strong></span> <span class='ocrx_word' id='word_1_81' title='bbox 827 810 894 837; x_wconf 85' lang='lat' dir='ltr'>etc.</span> 
     </span>
     <span class='ocr_line' id='line_1_14' title="bbox 86 850 896 931; baseline -0.002 -46"><span class='ocrx_word' id='word_1_82' title='bbox 86 850 318 931; x_wconf 48' lang='grc' dir='ltr'><strong><em>ι-ῄ-οκάμέν</em></strong></span> <span class='ocrx_word' id='word_1_83' title='bbox 328 852 673 931; x_wconf 44' lang='lat' dir='ltr'>‚sssabricatus‘ssum</span> <span class='ocrx_word' id='word_1_84' title='bbox 692 850 732 883; x_wconf 88' lang='lat'><strong><em>11.</em></strong></span> <span class='ocrx_word' id='word_1_85' title='bbox 751 850 802 929; x_wconf 41' lang='grc' dir='ltr'><strong><em>ᾆξ’,</em></strong></span> <span class='ocrx_word' id='word_1_86' title='bbox 828 850 896 884; x_wconf 85' lang='lat'><strong><em>187</em></strong></span> 
     </span>
     <span class='ocr_line' id='line_1_15' title="bbox 179 909 892 940; baseline -0.004 -8"><span class='ocrx_word' id='word_1_87' title='bbox 179 916 225 921; x_wconf 81' lang='grc'><strong>-</strong></span> <span class='ocrx_word' id='word_1_88' title='bbox 375 910 464 940; x_wconf 76' lang='grc' dir='ltr'><strong><em>αμν</em></strong></span> <span class='ocrx_word' id='word_1_89' title='bbox 479 910 527 937; x_wconf 72' lang='lat' dir='ltr'><strong><em>OS</em></strong></span> <span class='ocrx_word' id='word_1_90' title='bbox 586 909 601 930; x_wconf 75' lang='grc' dir='ltr'><em>δ</em></span> <span class='ocrx_word' id='word_1_91' title='bbox 625 909 696 930; x_wconf 72' lang='grc' dir='ltr'><strong><em>νυν</em></strong></span> <span class='ocrx_word' id='word_1_92' title='bbox 729 909 747 930; x_wconf 91' lang='grc'><strong>0</strong></span> <span class='ocrx_word' id='word_1_93' title='bbox 799 909 892 929; x_wconf 61' lang='lat' dir='ltr'><strong><em>nala</em></strong></span> 
     </span>
     <span class='ocr_line' id='line_1_16' title="bbox 84 940 895 998; baseline -0.002 -20"><span class='ocrx_word' id='word_1_94' title='bbox 84 943 154 987; x_wconf 82' lang='grc' dir='ltr'><strong><em>τήν</em></strong></span> <span class='ocrx_word' id='word_1_95' title='bbox 179 944 383 986; x_wconf 77' lang='grc' dir='ltr'><strong><em>συνήθειαν</em></strong></span> <span class='ocrx_word' id='word_1_96' title='bbox 416 944 568 986; x_wconf 78' lang='grc' dir='ltr'><strong><em>εἴρηται.</em></strong></span> <span class='ocrx_word' id='word_1_97' title='bbox 610 940 632 985; x_wconf 86' lang='grc' dir='ltr'>ἡ</span> <span class='ocrx_word' id='word_1_98' title='bbox 649 940 732 998; x_wconf 34' lang='grc' dir='ltr'><strong><em>,μὲν</em></strong></span> <span class='ocrx_word' id='word_1_99' title='bbox 756 941 825 985; x_wconf 71' lang='grc' dir='ltr'><strong><em>γάρ</em></strong></span> <span class='ocrx_word' id='word_1_100' title='bbox 859 941 895 976; x_wconf 84' lang='grc' dir='ltr'><strong><em>ε’-</em></strong></span> 
     </span>
     <span class='ocr_line' id='line_1_17' title="bbox 87 985 894 1044; baseline -0.004 -20"><span class='ocrx_word' id='word_1_101' title='bbox 87 990 175 1024; x_wconf 87' lang='grc' dir='ltr'><strong><em>λαία</em></strong></span> <span class='ocrx_word' id='word_1_102' title='bbox 214 989 284 1024; x_wconf 81' lang='grc' dir='ltr'><strong><em>νῦν</em></strong></span> <span class='ocrx_word' id='word_1_103' title='bbox 323 987 564 1032; x_wconf 83' lang='grc' dir='ltr'><strong><em>παχύκορμος</em></strong></span> <span class='ocrx_word' id='word_1_104' title='bbox 600 985 713 1044; x_wconf 79' lang='grc' dir='ltr'><strong><em>ἠύτε</em></strong></span> <span class='ocrx_word' id='word_1_105' title='bbox 755 990 894 1031; x_wconf 86' lang='grc' dir='ltr'><strong><em>κίων,</em></strong></span> 
     </span>
     <span class='ocr_line' id='line_1_18' title="bbox 84 1032 893 1091; baseline -0.001 -22"><span class='ocrx_word' id='word_1_106' title='bbox 84 1035 227 1079; x_wconf 78' lang='grc' dir='ltr'><strong><em>θάμνοι</em></strong></span> <span class='ocrx_word' id='word_1_107' title='bbox 250 1034 290 1070; x_wconf 83' lang='lat'><strong><em>63</em></strong></span> <span class='ocrx_word' id='word_1_108' title='bbox 314 1037 449 1078; x_wconf 83' lang='grc' dir='ltr'><strong><em>κυρίως</em></strong></span> <span class='ocrx_word' id='word_1_109' title='bbox 474 1049 518 1069; x_wconf 90' lang='grc' dir='ltr'><strong><em>τα</em></strong></span> <span class='ocrx_word' id='word_1_110' title='bbox 544 1034 582 1076; x_wconf 76' lang='grc' dir='ltr'><strong><em>ἐξ</em></strong></span> <span class='ocrx_word' id='word_1_111' title='bbox 606 1032 723 1091; x_wconf 79' lang='grc' dir='ltr'><strong><em>αὐτῆς</em></strong></span> <span class='ocrx_word' id='word_1_112' title='bbox 745 1032 893 1090; x_wconf 72' lang='grc' dir='ltr'><strong><em>ἀναφύ-</em></strong></span> 
     </span>
     <span class='ocr_line' id='line_1_19' title="bbox 83 1077 892 1138; baseline -0.002 -22"><span class='ocrx_word' id='word_1_113' title='bbox 83 1093 177 1122; x_wconf 83' lang='grc' dir='ltr'><strong><em>σεως</em></strong></span> <span class='ocrx_word' id='word_1_114' title='bbox 207 1079 422 1116; x_wconf 81' lang='grc' dir='ltr'><strong><em>πολύκλαδα</em></strong></span> <span class='ocrx_word' id='word_1_115' title='bbox 462 1094 493 1115; x_wconf 91' lang='grc' dir='ltr'><strong><em>κ.</em></strong></span> <span class='ocrx_word' id='word_1_116' title='bbox 529 1080 674 1138; x_wconf 80' lang='grc' dir='ltr'><strong><em>πυκνοὶ,</em></strong></span> <span class='ocrx_word' id='word_1_117' title='bbox 715 1081 817 1124; x_wconf 79' lang='grc' dir='ltr'><strong><em>παρά</em></strong></span> <span class='ocrx_word' id='word_1_118' title='bbox 850 1077 892 1115; x_wconf 81' lang='grc' dir='ltr'><strong><em>τὸ</em></strong></span> 
     </span>
     <span class='ocr_line' id='line_1_20' title="bbox 40 1124 893 1184; baseline -0.002 -20"><span class='ocrx_word' id='word_1_119' title='bbox 40 1145 46 1150; x_wconf 68' lang='grc'><em>·</em></span> <span class='ocrx_word' id='word_1_120' title='bbox 82 1126 237 1184; x_wconf 82' lang='grc' dir='ltr'><strong><em>θαμὸν,</em></strong></span> <span class='ocrx_word' id='word_1_121' title='bbox 272 1141 292 1162; x_wconf 94' lang='grc' dir='ltr'><strong><em>ο</em></strong></span> <span class='ocrx_word' id='word_1_122' title='bbox 325 1126 400 1163; x_wconf 85' lang='grc' dir='ltr'><strong><em>ἐστι</em></strong></span> <span class='ocrx_word' id='word_1_123' title='bbox 432 1127 592 1169; x_wconf 79' lang='grc' dir='ltr'><strong><em>πυκνὸν,</em></strong></span> <span class='ocrx_word' id='word_1_124' title='bbox 625 1124 739 1162; x_wconf 82' lang='grc' dir='ltr'><strong><em>ὁποῖα</em></strong></span> <span class='ocrx_word' id='word_1_125' title='bbox 775 1125 798 1171; x_wconf 87' lang='grc' dir='ltr'><em>ἡ</em></span> <span class='ocrx_word' id='word_1_126' title='bbox 821 1125 893 1182; x_wconf 76' lang='grc' dir='ltr'><strong><em>πρὸ</em></strong></span> 
     </span>
     <span class='ocr_line' id='line_1_21' title="bbox 81 1172 893 1228; baseline -0.004 -18"><span class='ocrx_word' id='word_1_127' title='bbox 81 1176 225 1210; x_wconf 79' lang='grc' dir='ltr'><strong><em>τούτων</em></strong></span> <span class='ocrx_word' id='word_1_128' title='bbox 249 1172 315 1217; x_wconf 81' lang='lat'><strong>(3¹,</strong></span> <span class='ocrx_word' id='word_1_129' title='bbox 338 1175 425 1218; x_wconf 80' lang='lat'><strong><em>477)</em></strong></span> <span class='ocrx_word' id='word_1_130' title='bbox 451 1176 586 1228; x_wconf 87' lang='grc' dir='ltr'><strong><em>φυλία,</em></strong></span> <span class='ocrx_word' id='word_1_131' title='bbox 623 1173 646 1219; x_wconf 89' lang='grc' dir='ltr'><em>ἡ</em></span> <span class='ocrx_word' id='word_1_132' title='bbox 679 1172 718 1208; x_wconf 87' lang='grc' dir='ltr'><strong><em>ἐν</em></strong></span> <span class='ocrx_word' id='word_1_133' title='bbox 748 1175 793 1220; x_wconf 84' lang='grc' dir='ltr'><strong><em>τῇ</em></strong></span> <span class='ocrx_word' id='word_1_134' title='bbox 819 1177 893 1209; x_wconf 76' lang='grc' dir='ltr'><strong><em>τῶν</em></strong></span> 
     </span>
     <span class='ocr_line' id='line_1_22' title="bbox 86 1217 890 1265; baseline -0.001 -8"><span class='ocrx_word' id='word_1_135' title='bbox 86 1220 261 1257; x_wconf 82' lang='grc' dir='ltr'><strong><em>Φαιάκων</em></strong></span> <span class='ocrx_word' id='word_1_136' title='bbox 293 1219 415 1265; x_wconf 84' lang='grc' dir='ltr'><strong><em>νήσῳ,</em></strong></span> <span class='ocrx_word' id='word_1_137' title='bbox 448 1221 509 1257; x_wconf 83' lang='grc' dir='ltr'><strong><em>καὶ</em></strong></span> <span class='ocrx_word' id='word_1_138' title='bbox 546 1217 615 1256; x_wconf 87' lang='grc' dir='ltr'><strong><em>ο’σα</em></strong></span> <span class='ocrx_word' id='word_1_139' title='bbox 645 1221 814 1257; x_wconf 80' lang='grc' dir='ltr'><strong><em>τοιαῦτα,</em></strong></span> <span class='ocrx_word' id='word_1_140' title='bbox 848 1217 890 1256; x_wconf 83' lang='grc' dir='ltr'><strong><em>τὸ</em></strong></span> 
     </span>
     <span class='ocr_line' id='line_1_23' title="bbox 84 1264 892 1311; baseline -0.002 -7"><span class='ocrx_word' id='word_1_141' title='bbox 84 1267 125 1304; x_wconf 79' lang='lat'><strong><em>63</em></strong></span> <span class='ocrx_word' id='word_1_142' title='bbox 152 1281 206 1302; x_wconf 84' lang='grc' dir='ltr'><strong><em>τα</em></strong></span> <span class='ocrx_word' id='word_1_143' title='bbox 218 1264 271 1302; x_wconf 84' lang='grc' dir='ltr'><strong><em>νύ</em></strong></span> <span class='ocrx_word' id='word_1_144' title='bbox 283 1280 311 1309; x_wconf 90' lang='grc' dir='ltr'><strong><em>φ</em></strong></span> <span class='ocrx_word' id='word_1_145' title='bbox 326 1280 348 1302; x_wconf 91' lang='lat' dir='ltr'><em>v</em></span> <span class='ocrx_word' id='word_1_146' title='bbox 361 1270 407 1300; x_wconf 87' lang='grc' dir='ltr'><strong><em>λλ</em></strong></span> <span class='ocrx_word' id='word_1_147' title='bbox 419 1280 468 1302; x_wconf 90' lang='grc' dir='ltr'><strong><em>ον</em></strong></span> <span class='ocrx_word' id='word_1_148' title='bbox 485 1267 839 1311; x_wconf 84' lang='grc' dir='ltr'><strong><em>παρατετηρημένως</em></strong></span> <span class='ocrx_word' id='word_1_149' title='bbox 856 1267 892 1302; x_wconf 84' lang='lat'><strong><em>3¹-</em></strong></span> 
     </span>
     <span class='ocr_line' id='line_1_24' title="bbox 84 1311 891 1359; baseline 0.001 -11"><span class='ocrx_word' id='word_1_150' title='bbox 84 1327 140 1359; x_wconf 83' lang='grc' dir='ltr'><strong><em>φη</em></strong></span> <span class='ocrx_word' id='word_1_151' title='bbox 155 1340 165 1356; x_wconf 94' lang='grc'><strong><em>,</em></strong></span> <span class='ocrx_word' id='word_1_152' title='bbox 190 1311 240 1354; x_wconf 76' lang='grc' dir='ltr'><strong><em>ὥς</em></strong></span> <span class='ocrx_word' id='word_1_153' title='bbox 263 1313 338 1348; x_wconf 81' lang='grc' dir='ltr'><strong><em>τῶν</em></strong></span> <span class='ocrx_word' id='word_1_154' title='bbox 361 1315 427 1357; x_wconf 86' lang='grc' dir='ltr'><strong><em>τῆς</em></strong></span> <span class='ocrx_word' id='word_1_155' title='bbox 451 1312 576 1353; x_wconf 81' lang='grc' dir='ltr'><strong><em>ἐλαίας</em></strong></span> <span class='ocrx_word' id='word_1_156' title='bbox 599 1313 749 1356; x_wconf 81' lang='grc' dir='ltr'><strong><em>φύλλων</em></strong></span> <span class='ocrx_word' id='word_1_157' title='bbox 775 1327 891 1358; x_wconf 82' lang='grc' dir='ltr'><strong><em>μεμη-</em></strong></span> 
     </span>
     <span class='ocr_line' id='line_1_25' title="bbox 80 1357 893 1406; baseline -0.002 -9"><span class='ocrx_word' id='word_1_158' title='bbox 80 1360 271 1404; x_wconf 77' lang='grc' dir='ltr'><strong><em>κυσμένων</em></strong></span> <span class='ocrx_word' id='word_1_159' title='bbox 296 1357 364 1395; x_wconf 69' lang='grc' dir='ltr'><strong><em>οὐκ</em></strong></span> <span class='ocrx_word' id='word_1_160' title='bbox 390 1360 580 1403; x_wconf 76' lang='grc' dir='ltr'><strong><em>ἀναλόγως</em></strong></span> <span class='ocrx_word' id='word_1_161' title='bbox 602 1361 652 1406; x_wconf 86' lang='grc' dir='ltr'><strong><em>τῷ</em></strong></span> <span class='ocrx_word' id='word_1_162' title='bbox 672 1359 810 1395; x_wconf 73' lang='grc' dir='ltr'><strong><em>πλάτει.</em></strong></span> <span class='ocrx_word' id='word_1_163' title='bbox 836 1373 893 1395; x_wconf 85' lang='lat' dir='ltr'>sa-</span> 
     </span>
     <span class='ocr_line' id='line_1_26' title="bbox 80 1396 891 1450; baseline -0.004 -7"><span class='ocrx_word' id='word_1_164' title='bbox 80 1419 125 1443; x_wconf 85' lang='lat' dir='ltr'><strong><em>ne</em></strong></span> <span class='ocrx_word' id='word_1_165' title='bbox 149 1407 232 1441; x_wconf 82' lang='lat' dir='ltr'>folia</span> <span class='ocrx_word' id='word_1_166' title='bbox 255 1406 367 1440; x_wconf 86' lang='lat' dir='ltr'>olivae</span> <span class='ocrx_word' id='word_1_167' title='bbox 391 1413 469 1440; x_wconf 87' lang='lat' dir='ltr'>sunt</span> <span class='ocrx_word' id='word_1_168' title='bbox 492 1396 663 1450; x_wconf 81' lang='lat' dir='ltr'>oblonga,</span> <span class='ocrx_word' id='word_1_169' title='bbox 688 1408 891 1449; x_wconf 68' lang='lat' dir='ltr'>lanzettsbr-</span> 
     </span>
     <span class='ocr_line' id='line_1_27' title="bbox 81 1452 888 1498; baseline 0 -12"><span class='ocrx_word' id='word_1_170' title='bbox 81 1455 157 1498; x_wconf 85' lang='lat' dir='ltr'><strong><em>mig</em></strong></span> <span class='ocrx_word' id='word_1_171' title='bbox 181 1453 377 1497; x_wconf 58' lang='lat' dir='ltr'>(WVilmsen.</span> <span class='ocrx_word' id='word_1_172' title='bbox 403 1453 544 1486; x_wconf 80' lang='lat' dir='ltr'><strong>Handb.</strong></span> <span class='ocrx_word' id='word_1_173' title='bbox 569 1453 630 1485; x_wconf 85' lang='lat' dir='ltr'><strong><em>der</em></strong></span> <span class='ocrx_word' id='word_1_174' title='bbox 655 1452 888 1497; x_wconf 60' lang='lat' dir='ltr'>Baturgesch.</span> 
     </span>
     <span class='ocr_line' id='line_1_28' title="bbox 81 1497 890 1552; baseline -0.004 -16"><span class='ocrx_word' id='word_1_175' title='bbox 81 1501 115 1536; x_wconf 88' lang='lat'><strong><em>3</em></strong></span> <span class='ocrx_word' id='word_1_176' title='bbox 141 1511 174 1544; x_wconf 92' lang='lat' dir='ltr'>p</span> <span class='ocrx_word' id='word_1_177' title='bbox 202 1497 324 1543; x_wconf 56' lang='lat'><strong>384),</strong></span> <span class='ocrx_word' id='word_1_178' title='bbox 349 1503 518 1552; x_wconf 75' lang='lat' dir='ltr'>vocatque</span> <span class='ocrx_word' id='word_1_179' title='bbox 542 1500 629 1532; x_wconf 84' lang='lat' dir='ltr'><strong><em>hanc</em></strong></span> <span class='ocrx_word' id='word_1_180' title='bbox 653 1498 757 1532; x_wconf 88' lang='lat' dir='ltr'>solam</span> <span class='ocrx_word' id='word_1_181' title='bbox 782 1499 890 1533; x_wconf 86' lang='lat' dir='ltr'>arbo-</span> 
     </span>
     <span class='ocr_line' id='line_1_29' title="bbox 80 1544 889 1590; baseline -0.004 -9"><span class='ocrx_word' id='word_1_182' title='bbox 80 1557 152 1581; x_wconf 85' lang='lat' dir='ltr'><strong><em>rem</em></strong></span> <span class='ocrx_word' id='word_1_183' title='bbox 176 1546 275 1579; x_wconf 87' lang='grc' dir='ltr'><strong><em>Ηοιιι.</em></strong></span> <span class='ocrx_word' id='word_1_184' title='bbox 299 1558 420 1590; x_wconf 85' lang='grc' dir='ltr'><strong><em>ταννφ</em></strong></span> <span class='ocrx_word' id='word_1_185' title='bbox 425 1548 542 1580; x_wconf 89' lang='grc' dir='ltr'><strong><em>υλλον.</em></strong></span> <span class='ocrx_word' id='word_1_186' title='bbox 573 1544 651 1578; x_wconf 87' lang='lat' dir='ltr'>vide</span> <span class='ocrx_word' id='word_1_187' title='bbox 675 1549 786 1578; x_wconf 84' lang='lat' dir='ltr'>tamen</span> <span class='ocrx_word' id='word_1_188' title='bbox 811 1556 889 1578; x_wconf 86' lang='lat' dir='ltr'><strong><em>ann.</em></strong></span> 
     </span>
     <span class='ocr_line' id='line_1_30' title="bbox 54 1588 892 1637; baseline -0.005 -9"><span class='ocrx_word' id='word_1_189' title='bbox 54 1592 125 1628; x_wconf 86' lang='lat' dir='ltr'><strong><em>.ad</em></strong></span> <span class='ocrx_word' id='word_1_190' title='bbox 147 1590 192 1635; x_wconf 85' lang='grc' dir='ltr'><strong><em>ν’,</em></strong></span> <span class='ocrx_word' id='word_1_191' title='bbox 214 1593 296 1627; x_wconf 73' lang='grc'><strong><em>372.</em></strong></span> <span class='ocrx_word' id='word_1_192' title='bbox 313 1591 452 1637; x_wconf 78' lang='grc' dir='ltr'><strong><em>-ἔην</em></strong></span> <span class='ocrx_word' id='word_1_193' title='bbox 477 1592 540 1636; x_wconf 88' lang='lat' dir='ltr'><strong><em>Ap.</em></strong></span> <span class='ocrx_word' id='word_1_194' title='bbox 565 1602 597 1624; x_wconf 86' lang='lat' dir='ltr'>v</span> <span class='ocrx_word' id='word_1_195' title='bbox 620 1588 796 1633; x_wconf 86' lang='grc' dir='ltr'><strong><em>άκμηνος.</em></strong></span> <span class='ocrx_word' id='word_1_196' title='bbox 816 1591 892 1625; x_wconf 91' lang='lat' dir='ltr'>vul-</span> 
     </span>
     <span class='ocr_line' id='line_1_31' title="bbox 82 1636 890 1696; baseline 0 -24"><span class='ocrx_word' id='word_1_197' title='bbox 82 1650 127 1683; x_wconf 83' lang='lat' dir='ltr'><strong><em>go</em></strong></span> <span class='ocrx_word' id='word_1_198' title='bbox 153 1636 224 1683; x_wconf 74' lang='grc' dir='ltr'><strong><em>ἔφυ</em></strong></span> <span class='ocrx_word' id='word_1_199' title='bbox 240 1663 250 1679; x_wconf 90' lang='grc'><strong><em>,</em></strong></span> <span class='ocrx_word' id='word_1_200' title='bbox 285 1637 386 1696; x_wconf 85' lang='lat' dir='ltr'>quod</span> <span class='ocrx_word' id='word_1_201' title='bbox 410 1638 566 1684; x_wconf 83' lang='lat' dir='ltr'>posuisse</span> <span class='ocrx_word' id='word_1_202' title='bbox 589 1636 750 1671; x_wconf 73' lang='lat' dir='ltr'>videatur</span> <span class='ocrx_word' id='word_1_203' title='bbox 774 1649 890 1672; x_wconf 85' lang='lat' dir='ltr'>corre-</span> 
     </span>
     <span class='ocr_line' id='line_1_32' title="bbox 81 1679 891 1741; baseline -0.002 -22"><span class='ocrx_word' id='word_1_204' title='bbox 81 1690 157 1719; x_wconf 82' lang='lat' dir='ltr'>ctor</span> <span class='ocrx_word' id='word_1_205' title='bbox 181 1688 326 1741; x_wconf 80' lang='lat' dir='ltr'>propter</span> <span class='ocrx_word' id='word_1_206' title='bbox 359 1679 407 1729; x_wconf 75' lang='grc' dir='ltr'><strong><em>ἦν</em></strong></span> <span class='ocrx_word' id='word_1_207' title='bbox 430 1694 589 1736; x_wconf 84' lang='lat' dir='ltr'>sequens.</span> <span class='ocrx_word' id='word_1_208' title='bbox 631 1683 691 1717; x_wconf 87' lang='lat' dir='ltr'><strong><em>sed</em></strong></span> <span class='ocrx_word' id='word_1_209' title='bbox 715 1681 891 1725; x_wconf 82' lang='grc' dir='ltr'><strong><em>κακόφω-</em></strong></span> 
     </span>
     <span class='ocr_line' id='line_1_33' title="bbox 80 1728 890 1774; baseline -0.003 -8"><span class='ocrx_word' id='word_1_210' title='bbox 80 1743 148 1766; x_wconf 86' lang='grc' dir='ltr'><strong><em>νον</em></strong></span> <span class='ocrx_word' id='word_1_211' title='bbox 172 1735 226 1764; x_wconf 85' lang='lat' dir='ltr'><strong><em>est</em></strong></span> <span class='ocrx_word' id='word_1_212' title='bbox 251 1731 340 1773; x_wconf 79' lang='grc' dir='ltr'><strong><em>ἔφυ</em></strong></span> <span class='ocrx_word' id='word_1_213' title='bbox 364 1728 698 1774; x_wconf 85' lang='grc' dir='ltr'><strong><em>τανυφύλλου.</em></strong></span> <span class='ocrx_word' id='word_1_214' title='bbox 732 1749 779 1754; x_wconf 95' lang='grc'><strong>-</strong></span> <span class='ocrx_word' id='word_1_215' title='bbox 812 1743 890 1764; x_wconf 86' lang='grc' dir='ltr'><strong><em>τα-</em></strong></span> 
     </span>
     <span class='ocr_line' id='line_1_34' title="bbox 78 1775 888 1821; baseline -0.003 -9"><span class='ocrx_word' id='word_1_216' title='bbox 78 1775 338 1821; x_wconf 85' lang='grc' dir='ltr'><strong><em>νυφύλλου,</em></strong></span> <span class='ocrx_word' id='word_1_217' title='bbox 362 1788 428 1810; x_wconf 90' lang='lat' dir='ltr'><strong><em>non</em></strong></span> <span class='ocrx_word' id='word_1_218' title='bbox 446 1775 693 1818; x_wconf 80' lang='grc' dir='ltr'><strong><em>τανύφυλλος,</em></strong></span> <span class='ocrx_word' id='word_1_219' title='bbox 716 1780 756 1809; x_wconf 83' lang='lat' dir='ltr'><strong><em>ut</em></strong></span> <span class='ocrx_word' id='word_1_220' title='bbox 771 1777 888 1820; x_wconf 86' lang='lat' dir='ltr'>vulgo,</span> 
     </span>
     <span class='ocr_line' id='line_1_35' title="bbox 78 1821 888 1866; baseline -0.004 -7"><span class='ocrx_word' id='word_1_221' title='bbox 78 1824 209 1859; x_wconf 81' lang='lat' dir='ltr'>habent</span> <span class='ocrx_word' id='word_1_222' title='bbox 232 1822 312 1856; x_wconf 80' lang='lat' dir='ltr'>libri</span> <span class='ocrx_word' id='word_1_223' title='bbox 337 1823 472 1866; x_wconf 85' lang='lat' dir='ltr'>quidam</span> <span class='ocrx_word' id='word_1_224' title='bbox 498 1821 660 1863; x_wconf 81' lang='lat' dir='ltr'>Clarkei,</span> <span class='ocrx_word' id='word_1_225' title='bbox 697 1833 782 1866; x_wconf 88' lang='lat' dir='ltr'>quos</span> <span class='ocrx_word' id='word_1_226' title='bbox 806 1823 888 1856; x_wconf 87' lang='lat' dir='ltr'>nihil</span> 
     </span>
     <span class='ocr_line' id='line_1_36' title="bbox 80 1869 886 1911; baseline -0.001 -8"><span class='ocrx_word' id='word_1_227' title='bbox 80 1870 147 1904; x_wconf 87' lang='lat' dir='ltr'>nisi</span> <span class='ocrx_word' id='word_1_228' title='bbox 165 1870 253 1902; x_wconf 80' lang='lat' dir='ltr'>alios</span> <span class='ocrx_word' id='word_1_229' title='bbox 271 1869 386 1902; x_wconf 81' lang='lat' dir='ltr'><strong>dicere</strong></span> <span class='ocrx_word' id='word_1_230' title='bbox 409 1870 509 1911; x_wconf 88' lang='lat' dir='ltr'>solet,</span> <span class='ocrx_word' id='word_1_231' title='bbox 532 1879 653 1911; x_wconf 83' lang='lat' dir='ltr'>magno</span> <span class='ocrx_word' id='word_1_232' title='bbox 668 1879 741 1901; x_wconf 90' lang='lat' dir='ltr'><strong><em>meo</em></strong></span> <span class='ocrx_word' id='word_1_233' title='bbox 759 1869 886 1903; x_wconf 84' lang='lat' dir='ltr'>taedio.</span> 
     </span>
     <span class='ocr_line' id='line_1_37' title="bbox 79 1913 887 1960; baseline 0 -11"><span class='ocrx_word' id='word_1_234' title='bbox 79 1916 130 1950; x_wconf 82' lang='lat' dir='ltr'><strong><em>sic</em></strong></span> <span class='ocrx_word' id='word_1_235' title='bbox 154 1920 265 1949; x_wconf 87' lang='lat' dir='ltr'>autem</span> <span class='ocrx_word' id='word_1_236' title='bbox 289 1918 392 1960; x_wconf 72' lang='grc' dir='ltr'><strong><em>Ροέιει</em></strong></span> <span class='ocrx_word' id='word_1_237' title='bbox 418 1916 515 1949; x_wconf 81' lang='lat'>195:</span> <span class='ocrx_word' id='word_1_238' title='bbox 554 1914 674 1958; x_wconf 83' lang='grc' dir='ltr'><strong><em>κόμην</em></strong></span> <span class='ocrx_word' id='word_1_239' title='bbox 697 1913 887 1959; x_wconf 88' lang='grc' dir='ltr'><strong><em>τανυφύλ-</em></strong></span> 
     </span>
     <span class='ocr_line' id='line_1_38' title="bbox 79 1960 887 2017; baseline 0 -21"><span class='ocrx_word' id='word_1_240' title='bbox 79 1964 146 1998; x_wconf 89' lang='grc' dir='ltr'><strong><em>λου</em></strong></span> <span class='ocrx_word' id='word_1_241' title='bbox 171 1961 316 2017; x_wconf 83' lang='grc' dir='ltr'><strong><em>ἐλαίης,</em></strong></span> <span class='ocrx_word' id='word_1_242' title='bbox 349 1961 430 1994; x_wconf 84' lang='lat' dir='ltr'>item</span> <span class='ocrx_word' id='word_1_243' title='bbox 454 1960 498 2001; x_wconf 87' lang='grc' dir='ltr'><strong><em>ν’,</em></strong></span> <span class='ocrx_word' id='word_1_244' title='bbox 526 1961 601 1994; x_wconf 75' lang='grc'><strong><em>102.</em></strong></span> <span class='ocrx_word' id='word_1_245' title='bbox 628 1965 664 1993; x_wconf 84' lang='lat' dir='ltr'><strong><em>et</em></strong></span> <span class='ocrx_word' id='word_1_246' title='bbox 687 1960 786 1996; x_wconf 81' lang='lat'><strong>346..-</strong></span> <span class='ocrx_word' id='word_1_247' title='bbox 822 1974 887 1996; x_wconf 90' lang='grc' dir='ltr'><strong><em>τα-</em></strong></span> 
     </span>
     <span class='ocr_line' id='line_1_39' title="bbox 77 2005 888 2052; baseline -0.002 -9"><span class='ocrx_word' id='word_1_248' title='bbox 77 2007 265 2052; x_wconf 81' lang='grc' dir='ltr'><strong><em>νύφυλλος</em></strong></span> <span class='ocrx_word' id='word_1_249' title='bbox 283 2005 396 2049; x_wconf 80' lang='grc' dir='ltr'><strong><em>ἐλαίη</em></strong></span> <span class='ocrx_word' id='word_1_250' title='bbox 418 2011 599 2051; x_wconf 86' lang='lat' dir='ltr'>praeterea</span> <span class='ocrx_word' id='word_1_251' title='bbox 617 2005 765 2049; x_wconf 79' lang='grc' dir='ltr'><strong><em>θάμνος</em></strong></span> <span class='ocrx_word' id='word_1_252' title='bbox 781 2008 888 2041; x_wconf 84' lang='lat' dir='ltr'>habet</span> 
     </span>
     <span class='ocr_line' id='line_1_40' title="bbox 76 2053 887 2109; baseline -0.001 -21"><span class='ocrx_word' id='word_1_253' title='bbox 76 2054 250 2109; x_wconf 80' lang='lat' dir='ltr'>proprium</span> <span class='ocrx_word' id='word_1_254' title='bbox 262 2053 441 2098; x_wconf 68' lang='lat' dir='ltr'>epitheton</span> <span class='ocrx_word' id='word_1_255' title='bbox 459 2064 555 2086; x_wconf 86' lang='lat' dir='ltr'>suum</span> <span class='ocrx_word' id='word_1_256' title='bbox 570 2053 760 2094; x_wconf 78' lang='grc' dir='ltr'><strong><em>θαλέθων,</em></strong></span> <span class='ocrx_word' id='word_1_257' title='bbox 780 2054 887 2087; x_wconf 83' lang='lat' dir='ltr'>satis-</span> 
     </span>
     <span class='ocr_line' id='line_1_41' title="bbox 77 2098 886 2159; baseline -0.001 -24"><span class='ocrx_word' id='word_1_258' title='bbox 77 2113 145 2159; x_wconf 90' lang='lat' dir='ltr'><strong><em>que</em></strong></span> <span class='ocrx_word' id='word_1_259' title='bbox 163 2106 216 2135; x_wconf 86' lang='lat' dir='ltr'><strong><em>est</em></strong></span> <span class='ocrx_word' id='word_1_260' title='bbox 229 2098 516 2144; x_wconf 76' lang='grc' dir='ltr'><strong><em>ὁμοιοτελεύτων</em></strong></span> <span class='ocrx_word' id='word_1_261' title='bbox 530 2098 632 2142; x_wconf 83' lang='grc' dir='ltr'><strong><em>ἐλαίη</em></strong></span> <span class='ocrx_word' id='word_1_262' title='bbox 647 2113 664 2153; x_wconf 80' lang='grc' dir='ltr'><strong><em>ς</em></strong></span> <span class='ocrx_word' id='word_1_263' title='bbox 682 2098 782 2143; x_wconf 72' lang='grc' dir='ltr'><strong><em>ἕρκεο</em></strong></span> <span class='ocrx_word' id='word_1_264' title='bbox 794 2113 812 2140; x_wconf 86' lang='grc' dir='ltr'><strong><em>ς</em></strong></span> <span class='ocrx_word' id='word_1_265' title='bbox 829 2098 886 2135; x_wconf 88' lang='grc' dir='ltr'><strong><em>ἐν-</em></strong></span> 
     </span>
     <span class='ocr_line' id='line_1_42' title="bbox 73 2145 886 2189; baseline -0.002 -6"><span class='ocrx_word' id='word_1_266' title='bbox 73 2147 172 2188; x_wconf 85' lang='grc' dir='ltr'><strong><em>τὸς,</em></strong></span> <span class='ocrx_word' id='word_1_267' title='bbox 204 2158 266 2180; x_wconf 91' lang='lat' dir='ltr'><strong><em>nec</em></strong></span> <span class='ocrx_word' id='word_1_268' title='bbox 290 2157 404 2179; x_wconf 86' lang='lat' dir='ltr'>eorum</span> <span class='ocrx_word' id='word_1_269' title='bbox 430 2145 606 2189; x_wconf 82' lang='lat' dir='ltr'>augendus</span> <span class='ocrx_word' id='word_1_270' title='bbox 631 2145 704 2180; x_wconf 86' lang='lat' dir='ltr'>sine</span> <span class='ocrx_word' id='word_1_271' title='bbox 728 2147 886 2181; x_wconf 85' lang='lat' dir='ltr'>mercede</span> 
     </span>
     <span class='ocr_line' id='line_1_43' title="bbox 74 2191 748 2237; baseline -0.003 -9"><span class='ocrx_word' id='word_1_272' title='bbox 74 2204 247 2228; x_wconf 87' lang='lat' dir='ltr'>numerus.</span> <span class='ocrx_word' id='word_1_273' title='bbox 271 2203 380 2237; x_wconf 85' lang='lat' dir='ltr'>quare</span> <span class='ocrx_word' id='word_1_274' title='bbox 403 2192 523 2226; x_wconf 81' lang='lat' dir='ltr'>admisi</span> <span class='ocrx_word' id='word_1_275' title='bbox 548 2191 748 2235; x_wconf 78' lang='lat' dir='ltr'>genitivum.</span> 
     </span>
    </p>

    <p class='ocr_par' dir='ltr' id='par_1_5' title="bbox 73 2238 887 3024">
     <span class='ocr_line' id='line_1_44' title="bbox 124 2238 885 2282; baseline -0.004 -7"><span class='ocrx_word' id='word_1_276' title='bbox 124 2241 201 2276; x_wconf 88' lang='lat'><strong>191.</strong></span> <span class='ocrx_word' id='word_1_277' title='bbox 226 2236 696 2282; x_wconf 69' lang='grc' dir='ltr'><strong><em>ἀκμηνὸςθαλέθωι.</em></strong></span> <span class='ocrx_word' id='word_1_278' title='bbox 729 2238 780 2272; x_wconf 86' lang='lat' dir='ltr'><strong><em>sic</em></strong></span> <span class='ocrx_word' id='word_1_279' title='bbox 804 2238 885 2272; x_wconf 87' lang='lat' dir='ltr'>libri</span> 
     </span>
     <span class='ocr_line' id='line_1_45' title="bbox 74 2284 884 2342; baseline -0.002 -22"><span class='ocrx_word' id='word_1_280' title='bbox 74 2286 176 2340; x_wconf 85' lang='lat' dir='ltr'>paulo</span> <span class='ocrx_word' id='word_1_281' title='bbox 194 2285 424 2342; x_wconf 65' lang='lat' dir='ltr'>vetpstiores3</span> <span class='ocrx_word' id='word_1_282' title='bbox 450 2284 588 2324; x_wconf 75' lang='lat' dir='ltr'><strong>novelli,</strong></span> <span class='ocrx_word' id='word_1_283' title='bbox 614 2284 750 2329; x_wconf 65' lang='lat' dir='ltr'>xii-gula</span> <span class='ocrx_word' id='word_1_284' title='bbox 774 2285 884 2318; x_wconf 87' lang='lat' dir='ltr'>inter-</span> 
     </span>
     <span class='ocr_line' id='line_1_46' title="bbox 75 2329 884 2388; baseline -0.001 -23"><span class='ocrx_word' id='word_1_285' title='bbox 75 2331 206 2388; x_wconf 80' lang='lat' dir='ltr'>posita.</span> <span class='ocrx_word' id='word_1_286' title='bbox 239 2329 426 2376; x_wconf 70' lang='grc' dir='ltr'><strong><em>ἀκμηνὸς,</em></strong></span> <span class='ocrx_word' id='word_1_287' title='bbox 457 2333 551 2365; x_wconf 62' lang='lat' dir='ltr'><strong><em>&amp;aaz</em></strong></span> <span class='ocrx_word' id='word_1_288' title='bbox 546 2330 655 2365; x_wconf 70' lang='grc' dir='ltr'><strong><em>ἐθων</em></strong></span> <span class='ocrx_word' id='word_1_289' title='bbox 692 2342 807 2364; x_wconf 89' lang='lat' dir='ltr'>omnes</span> <span class='ocrx_word' id='word_1_290' title='bbox 842 2329 884 2365; x_wconf 80' lang='grc' dir='ltr'><strong><em>ἆ-</em></strong></span> 
     </span>
     <span class='ocr_line' id='line_1_47' title="bbox 74 2376 884 2422; baseline -0.003 -9"><span class='ocrx_word' id='word_1_291' title='bbox 74 2376 226 2422; x_wconf 86' lang='grc' dir='ltr'><strong><em>κμηνός,</em></strong></span> <span class='ocrx_word' id='word_1_292' title='bbox 249 2377 415 2412; x_wconf 85' lang='lat' dir='ltr'>incertum</span> <span class='ocrx_word' id='word_1_293' title='bbox 431 2389 498 2422; x_wconf 88' lang='lat' dir='ltr'><strong><em>quo</em></strong></span> <span class='ocrx_word' id='word_1_294' title='bbox 515 2388 628 2410; x_wconf 82' lang='lat' dir='ltr'>sensu.</span> <span class='ocrx_word' id='word_1_295' title='bbox 654 2376 761 2420; x_wconf 80' lang='lat' dir='ltr'>igitur</span> <span class='ocrx_word' id='word_1_296' title='bbox 777 2389 884 2421; x_wconf 83' lang='lat' dir='ltr'>quan-</span> 
     </span>
     <span class='ocr_line' id='line_1_48' title="bbox 75 2423 887 2478; baseline 0.002 -22"><span class='ocrx_word' id='word_1_297' title='bbox 75 2435 176 2468; x_wconf 82' lang='lat' dir='ltr'>quam</span> <span class='ocrx_word' id='word_1_298' title='bbox 208 2426 281 2458; x_wconf 82' lang='lat' dir='ltr'><strong><em>Am.</em></strong></span> <span class='ocrx_word' id='word_1_299' title='bbox 316 2424 363 2465; x_wconf 84' lang='lat' dir='ltr'><strong>Q.</strong></span> <span class='ocrx_word' id='word_1_300' title='bbox 408 2427 444 2456; x_wconf 85' lang='lat' dir='ltr'>et.</span> <span class='ocrx_word' id='word_1_301' title='bbox 477 2423 576 2456; x_wconf 55' lang='lat' dir='ltr'>Scin:</span> <span class='ocrx_word' id='word_1_302' title='bbox 620 2425 811 2478; x_wconf 78' lang='grc' dir='ltr'><em>ΑΚΜΗΝ</em></span> <span class='ocrx_word' id='word_1_303' title='bbox 815 2425 887 2458; x_wconf 91' lang='grc' dir='ltr'><strong><em>ΟΣ</em></strong></span> 
     </span>
     <span class='ocr_line' id='line_1_49' title="bbox 79 2467 884 2513; baseline 0 -9"><span class='ocrx_word' id='word_1_304' title='bbox 79 2471 319 2504; x_wconf 77' lang='grc' dir='ltr'><em>ΘΑΛΕΘΩΝ</em></span> <span class='ocrx_word' id='word_1_305' title='bbox 350 2468 446 2513; x_wconf 86' lang='lat' dir='ltr'>(sic).</span> <span class='ocrx_word' id='word_1_306' title='bbox 478 2467 497 2505; x_wconf 85' lang='grc' dir='ltr'><strong><em>ὁ</em></strong></span> <span class='ocrx_word' id='word_1_307' title='bbox 532 2467 652 2512; x_wconf 81' lang='grc' dir='ltr'><strong><em>άκμήν</em></strong></span> <span class='ocrx_word' id='word_1_308' title='bbox 688 2469 779 2513; x_wconf 71' lang='grc' dir='ltr'><strong><em>ἒχων</em></strong></span> <span class='ocrx_word' id='word_1_309' title='bbox 815 2472 884 2504; x_wconf 82' lang='grc' dir='ltr'><strong><em>τοῦ</em></strong></span> 
     </span>
     <span class='ocr_line' id='line_1_50' title="bbox 75 2514 884 2572; baseline 0 -22"><span class='ocrx_word' id='word_1_310' title='bbox 75 2515 238 2550; x_wconf 78' lang='grc' dir='ltr'><strong><em>θάλλειν.</em></strong></span> <span class='ocrx_word' id='word_1_311' title='bbox 261 2515 358 2549; x_wconf 85' lang='lat' dir='ltr'>addit</span> <span class='ocrx_word' id='word_1_312' title='bbox 380 2516 485 2549; x_wconf 52' lang='lat' dir='ltr'>Scin:</span> <span class='ocrx_word' id='word_1_313' title='bbox 509 2514 569 2550; x_wconf 84' lang='grc' dir='ltr'><strong><em>ἐπι</em></strong></span> <span class='ocrx_word' id='word_1_314' title='bbox 594 2515 672 2572; x_wconf 77' lang='grc' dir='ltr'><strong><em>μὲν</em></strong></span> <span class='ocrx_word' id='word_1_315' title='bbox 677 2514 811 2551; x_wconf 84' lang='grc' dir='ltr'><strong><em>τούτου</em></strong></span> <span class='ocrx_word' id='word_1_316' title='bbox 838 2514 884 2550; x_wconf 83' lang='grc' dir='ltr'><strong><em>ω’-</em></strong></span> 
     </span>
     <span class='ocr_line' id='line_1_51' title="bbox 76 2559 882 2606; baseline 0.001 -11"><span class='ocrx_word' id='word_1_317' title='bbox 76 2560 296 2606; x_wconf 79' lang='grc' dir='ltr'><strong><em>ξυτόνησεν,</em></strong></span> <span class='ocrx_word' id='word_1_318' title='bbox 330 2561 386 2597; x_wconf 81' lang='grc' dir='ltr'><strong><em>ἐπὶ</em></strong></span> <span class='ocrx_word' id='word_1_319' title='bbox 422 2560 462 2596; x_wconf 89' lang='lat'><strong><em>63</em></strong></span> <span class='ocrx_word' id='word_1_320' title='bbox 495 2562 564 2596; x_wconf 79' lang='grc' dir='ltr'><strong><em>τοῦ</em></strong></span> <span class='ocrx_word' id='word_1_321' title='bbox 599 2570 637 2597; x_wconf 86' lang='grc' dir='ltr'><strong><em>εν</em></strong></span> <span class='ocrx_word' id='word_1_322' title='bbox 663 2559 789 2596; x_wconf 82' lang='grc' dir='ltr'><strong><em>Ἰλιάδι</em></strong></span> <span class='ocrx_word' id='word_1_323' title='bbox 815 2560 882 2606; x_wconf 86' lang='grc' dir='ltr'><strong><em>(τ’,</em></strong></span> 
     </span>
     <span class='ocr_line' id='line_1_52' title="bbox 80 2607 886 2664; baseline -0.004 -20"><span class='ocrx_word' id='word_1_324' title='bbox 80 2610 162 2651; x_wconf 85' lang='grc'><strong><em>163,</em></strong></span> <span class='ocrx_word' id='word_1_325' title='bbox 183 2609 264 2648; x_wconf 62' lang='lat'>207,</span> <span class='ocrx_word' id='word_1_326' title='bbox 287 2609 368 2649; x_wconf 70' lang='lat'><strong>320,</strong></span> <span class='ocrx_word' id='word_1_327' title='bbox 389 2609 498 2652; x_wconf 90' lang='grc'><strong><em>346),</em></strong></span> <span class='ocrx_word' id='word_1_328' title='bbox 524 2608 729 2664; x_wconf 80' lang='grc' dir='ltr'><strong><em>δηλοῦντος</em></strong></span> <span class='ocrx_word' id='word_1_329' title='bbox 751 2607 793 2644; x_wconf 79' lang='grc' dir='ltr'><strong><em>τό</em></strong></span> <span class='ocrx_word' id='word_1_330' title='bbox 818 2610 886 2652; x_wconf 89' lang='grc' dir='ltr'><strong><em>νῆ-</em></strong></span> 
     </span>
     <span class='ocr_line' id='line_1_53' title="bbox 76 2651 883 2711; baseline -0.001 -22"><span class='ocrx_word' id='word_1_331' title='bbox 76 2667 166 2695; x_wconf 87' lang='grc' dir='ltr'><strong><em>στις,</em></strong></span> <span class='ocrx_word' id='word_1_332' title='bbox 187 2651 453 2711; x_wconf 81' lang='grc' dir='ltr'><strong><em>ἐβαρυτόνησεν</em></strong></span> <span class='ocrx_word' id='word_1_333' title='bbox 478 2654 604 2697; x_wconf 83' lang='lat' dir='ltr'>(intell.</span> <span class='ocrx_word' id='word_1_334' title='bbox 622 2651 883 2699; x_wconf 84' lang='grc' dir='ltr'><strong><em>”.Αρισταρχος)</em></strong></span> 
     </span>
     <span class='ocr_line' id='line_1_54' title="bbox 79 2697 883 2745; baseline -0.002 -9"><span class='ocrx_word' id='word_1_335' title='bbox 79 2700 116 2736; x_wconf 76' lang='grc' dir='ltr'><strong><em>οἱ</em></strong></span> <span class='ocrx_word' id='word_1_336' title='bbox 160 2699 201 2735; x_wconf 87' lang='lat'><strong><em>63</em></strong></span> <span class='ocrx_word' id='word_1_337' title='bbox 235 2699 283 2734; x_wconf 78' lang='grc' dir='ltr'><strong><em>τοὶ</em></strong></span> <span class='ocrx_word' id='word_1_338' title='bbox 325 2697 393 2734; x_wconf 77' lang='lat'><strong><em>660</em></strong></span> <span class='ocrx_word' id='word_1_339' title='bbox 424 2699 751 2745; x_wconf 81' lang='grc' dir='ltr'><strong><em>παρωξυτόνησαν.</em></strong></span> <span class='ocrx_word' id='word_1_340' title='bbox 792 2702 883 2744; x_wconf 84' lang='grc' dir='ltr'><strong><em>(ἰιιιο</em></strong></span> 
     </span>
     <span class='ocr_line' id='line_1_55' title="bbox 75 2746 884 2791; baseline -0.002 -9"><span class='ocrx_word' id='word_1_341' title='bbox 75 2747 301 2791; x_wconf 79' lang='grc' dir='ltr'><strong><em>προπορωξ.,</em></strong></span> <span class='ocrx_word' id='word_1_342' title='bbox 326 2746 508 2780; x_wconf 83' lang='lat' dir='ltr'>secundum</span> <span class='ocrx_word' id='word_1_343' title='bbox 532 2747 577 2780; x_wconf 90' lang='lat' dir='ltr'><strong>E.</strong></span> <span class='ocrx_word' id='word_1_344' title='bbox 602 2747 758 2790; x_wconf 74' lang='lat' dir='ltr'><strong><em>Buttm.)</em></strong></span> <span class='ocrx_word' id='word_1_345' title='bbox 781 2759 884 2791; x_wconf 84' lang='lat' dir='ltr'>repe-</span> 
     </span>
     <span class='ocr_line' id='line_1_56' title="bbox 76 2792 884 2848; baseline 0 -21"><span class='ocrx_word' id='word_1_346' title='bbox 76 2794 121 2827; x_wconf 78' lang='lat' dir='ltr'>tit</span> <span class='ocrx_word' id='word_1_347' title='bbox 144 2794 231 2827; x_wconf 80' lang='lat' dir='ltr'>haec</span> <span class='ocrx_word' id='word_1_348' title='bbox 256 2793 306 2833; x_wconf 79' lang='lat' dir='ltr'>E,</span> <span class='ocrx_word' id='word_1_349' title='bbox 331 2792 490 2848; x_wconf 76' lang='lat' dir='ltr'>suppleto</span> <span class='ocrx_word' id='word_1_350' title='bbox 513 2792 647 2826; x_wconf 89' lang='lat' dir='ltr'>nomine</span> <span class='ocrx_word' id='word_1_351' title='bbox 670 2793 884 2834; x_wconf 74' lang='lat' dir='ltr'>Aristarcbi3</span> 
     </span>
     <span class='ocr_line' id='line_1_57' title="bbox 73 2835 883 2897; baseline 0 -23"><span class='ocrx_word' id='word_1_352' title='bbox 73 2840 298 2897; x_wconf 72' lang='lat' dir='ltr'>similiterque</span> <span class='ocrx_word' id='word_1_353' title='bbox 340 2839 426 2882; x_wconf 90' lang='lat' dir='ltr'><strong>Ap.·</strong></span> <span class='ocrx_word' id='word_1_354' title='bbox 451 2835 632 2894; x_wconf 78' lang='grc' dir='ltr'><strong><em>ἄκμηνος</em></strong></span> <span class='ocrx_word' id='word_1_355' title='bbox 666 2840 782 2897; x_wconf 79' lang='lat' dir='ltr'>(sic).</span> <span class='ocrx_word' id='word_1_356' title='bbox 823 2837 883 2874; x_wconf 81' lang='grc' dir='ltr'><strong><em>ἐπὶ</em></strong></span> 
     </span>
     <span class='ocr_line' id='line_1_58' title="bbox 75 2881 880 2939; baseline 0 -18"><span class='ocrx_word' id='word_1_357' title='bbox 75 2884 143 2930; x_wconf 76' lang='grc' dir='ltr'><strong><em>μὲν</em></strong></span> <span class='ocrx_word' id='word_1_358' title='bbox 174 2886 245 2921; x_wconf 82' lang='grc' dir='ltr'><strong><em>τοῦ</em></strong></span> <span class='ocrx_word' id='word_1_359' title='bbox 276 2886 400 2925; x_wconf 82' lang='grc' dir='ltr'><strong><em>σίτου,</em></strong></span> <span class='ocrx_word' id='word_1_360' title='bbox 444 2881 673 2939; x_wconf 81' lang='grc' dir='ltr'><strong><em>ἄκμηνος</em></strong></span> <span class='ocrx_word' id='word_1_361' title='bbox 718 2888 880 2922; x_wconf 90' lang='grc' dir='ltr'><strong><em>σίτοιο</em></strong></span> 
     </span>
     <span class='ocr_line' id='line_1_59' title="bbox 75 2929 881 2975; baseline -0.003 -8"><span class='ocrx_word' id='word_1_362' title='bbox 75 2931 348 2975; x_wconf 82' lang='grc' dir='ltr'><strong><em>δυνήσεται</em></strong></span> <span class='ocrx_word' id='word_1_363' title='bbox 380 2929 504 2965; x_wconf 81' lang='grc' dir='ltr'><strong><em>ἄντα</em></strong></span> <span class='ocrx_word' id='word_1_364' title='bbox 536 2929 788 2975; x_wconf 80' lang='grc' dir='ltr'><strong><em>μάχεσθαι</em></strong></span> <span class='ocrx_word' id='word_1_365' title='bbox 815 2931 881 2975; x_wconf 82' lang='grc' dir='ltr'><strong><em>(Η.</em></strong></span> 
     </span>
     <span class='ocr_line' id='line_1_60' title="bbox 73 2975 880 3024; baseline 0 -10"><span class='ocrx_word' id='word_1_366' title='bbox 73 2976 119 3022; x_wconf 86' lang='grc' dir='ltr'><strong><em>τ’,</em></strong></span> <span class='ocrx_word' id='word_1_367' title='bbox 147 2980 242 3024; x_wconf 82' lang='grc'><strong><em>163),</em></strong></span> <span class='ocrx_word' id='word_1_368' title='bbox 264 2978 339 3024; x_wconf 80' lang='grc' dir='ltr'><strong><em>καὶ,</em></strong></span> <span class='ocrx_word' id='word_1_369' title='bbox 365 2975 588 3022; x_wconf 83' lang='grc' dir='ltr'><strong><em>νήστιας,</em></strong></span> <span class='ocrx_word' id='word_1_370' title='bbox 614 2977 880 3023; x_wconf 73' lang='grc' dir='ltr'><strong><em>ἀκμήνους,</em></strong></span> 
     </span>
    </p>
   </div>
   <div class='ocr_carea' id='block_1_5' title="bbox 932 659 1753 2094">
    <p class='ocr_par' dir='ltr' id='par_1_6' title="bbox 932 659 1753 2094">
     <span class='ocr_line' id='line_1_61' title="bbox 944 659 1750 711; baseline -0.002 -12"><span class='ocrx_word' id='word_1_371' title='bbox 944 665 1055 709; x_wconf 86' lang='lat' dir='ltr'>(ibid.</span> <span class='ocrx_word' id='word_1_372' title='bbox 1088 666 1189 711; x_wconf 74' lang='lat'><strong>207).</strong></span> <span class='ocrx_word' id='word_1_373' title='bbox 1233 664 1293 702; x_wconf 73' lang='grc' dir='ltr'><strong><em>ἐπὶ</em></strong></span> <span class='ocrx_word' id='word_1_374' title='bbox 1325 662 1368 702; x_wconf 89' lang='lat'><strong><em>63</em></strong></span> <span class='ocrx_word' id='word_1_375' title='bbox 1401 663 1474 700; x_wconf 70' lang='grc' dir='ltr'><strong><em>τοῦ</em></strong></span> <span class='ocrx_word' id='word_1_376' title='bbox 1510 659 1750 706; x_wconf 71' lang='grc' dir='ltr'><strong><em>ἀκμάζοντος,</em></strong></span> 
     </span>
     <span class='ocr_line' id='line_1_62' title="bbox 942 707 1753 757; baseline -0.005 -11"><span class='ocrx_word' id='word_1_377' title='bbox 942 711 1132 756; x_wconf 79' lang='grc' dir='ltr'><strong><em>θάμνος</em></strong></span> <span class='ocrx_word' id='word_1_378' title='bbox 1164 712 1242 757; x_wconf 84' lang='grc' dir='ltr'><strong><em>ἐήν</em></strong></span> <span class='ocrx_word' id='word_1_379' title='bbox 1267 731 1310 737; x_wconf 91' lang='lat'><strong><em>—-</em></strong></span> <span class='ocrx_word' id='word_1_380' title='bbox 1346 709 1503 752; x_wconf 73' lang='grc' dir='ltr'><strong><em>ἐντός,</em></strong></span> <span class='ocrx_word' id='word_1_381' title='bbox 1527 707 1753 754; x_wconf 82' lang='grc' dir='ltr'><strong><em>’Ἀκμηνος</em></strong></span> 
     </span>
     <span class='ocr_line' id='line_1_63' title="bbox 942 756 1752 803; baseline -0.006 -10"><span class='ocrx_word' id='word_1_382' title='bbox 942 761 1045 798; x_wconf 72' lang='grc' dir='ltr'><strong><em>θαλ.</em></strong></span> <span class='ocrx_word' id='word_1_383' title='bbox 1055 784 1065 800; x_wconf 91' lang='grc'><strong><em>,</em></strong></span> <span class='ocrx_word' id='word_1_384' title='bbox 1090 759 1187 803; x_wconf 90' lang='lat' dir='ltr'>quasi</span> <span class='ocrx_word' id='word_1_385' title='bbox 1212 759 1276 793; x_wconf 90' lang='lat' dir='ltr'><strong><em>hoc</em></strong></span> <span class='ocrx_word' id='word_1_386' title='bbox 1297 758 1343 792; x_wconf 84' lang='lat' dir='ltr'><strong><em>sit</em></strong></span> <span class='ocrx_word' id='word_1_387' title='bbox 1366 757 1527 797; x_wconf 82' lang='lat' dir='ltr'>evidens,</span> <span class='ocrx_word' id='word_1_388' title='bbox 1558 756 1752 800; x_wconf 82' lang='lat' dir='ltr'>nullamque</span> 
     </span>
     <span class='ocr_line' id='line_1_64' title="bbox 941 803 1752 848; baseline -0.004 -11"><span class='ocrx_word' id='word_1_389' title='bbox 941 804 1068 838; x_wconf 84' lang='lat' dir='ltr'>habeat</span> <span class='ocrx_word' id='word_1_390' title='bbox 1086 805 1346 840; x_wconf 86' lang='lat' dir='ltr'>dubitationem.</span> <span class='ocrx_word' id='word_1_391' title='bbox 1367 809 1403 838; x_wconf 83' lang='lat' dir='ltr'><strong><em>at</em></strong></span> <span class='ocrx_word' id='word_1_392' title='bbox 1422 803 1494 848; x_wconf 88' lang='lat' dir='ltr'>qui,</span> <span class='ocrx_word' id='word_1_393' title='bbox 1513 813 1654 847; x_wconf 70' lang='lat' dir='ltr'>quaem,</span> <span class='ocrx_word' id='word_1_394' title='bbox 1677 813 1752 835; x_wconf 88' lang='lat' dir='ltr'>cre-</span> 
     </span>
     <span class='ocr_line' id='line_1_65' title="bbox 942 848 1752 890; baseline -0.001 -8"><span class='ocrx_word' id='word_1_395' title='bbox 942 850 1070 890; x_wconf 84' lang='lat' dir='ltr'>damus,</span> <span class='ocrx_word' id='word_1_396' title='bbox 1093 851 1276 884; x_wconf 88' lang='lat' dir='ltr'>Homerum</span> <span class='ocrx_word' id='word_1_397' title='bbox 1301 858 1371 885; x_wconf 89' lang='lat' dir='ltr'>tam</span> <span class='ocrx_word' id='word_1_398' title='bbox 1392 850 1531 883; x_wconf 88' lang='lat' dir='ltr'>diversa</span> <span class='ocrx_word' id='word_1_399' title='bbox 1554 848 1673 883; x_wconf 90' lang='lat' dir='ltr'>eodem</span> <span class='ocrx_word' id='word_1_400' title='bbox 1690 858 1752 881; x_wconf 88' lang='lat' dir='ltr'><strong><em>no-</em></strong></span> 
     </span>
     <span class='ocr_line' id='line_1_66' title="bbox 940 877 1752 947; baseline -0.001 -19"><span class='ocrx_word' id='word_1_401' title='bbox 940 897 1031 929; x_wconf 86' lang='lat' dir='ltr'>mine</span> <span class='ocrx_word' id='word_1_402' title='bbox 1054 877 1283 940; x_wconf 74' lang='lat' dir='ltr'>designasse?</span> <span class='ocrx_word' id='word_1_403' title='bbox 1309 902 1370 930; x_wconf 78' lang='lat' dir='ltr'><strong><em>aut</em></strong></span> <span class='ocrx_word' id='word_1_404' title='bbox 1393 907 1460 941; x_wconf 90' lang='lat' dir='ltr'><strong><em>qua</em></strong></span> <span class='ocrx_word' id='word_1_405' title='bbox 1483 894 1617 928; x_wconf 79' lang='lat' dir='ltr'>ratione</span> <span class='ocrx_word' id='word_1_406' title='bbox 1641 894 1752 947; x_wconf 80' lang='lat' dir='ltr'>addu-</span> 
     </span>
     <span class='ocr_line' id='line_1_67' title="bbox 942 938 1751 986; baseline 0 -12"><span class='ocrx_word' id='word_1_407' title='bbox 942 948 1030 975; x_wconf 84' lang='lat' dir='ltr'>ctum</span> <span class='ocrx_word' id='word_1_408' title='bbox 1056 943 1277 986; x_wconf 78' lang='lat' dir='ltr'>putabimus,</span> <span class='ocrx_word' id='word_1_409' title='bbox 1307 948 1345 977; x_wconf 84' lang='lat' dir='ltr'><strong><em>ut</em></strong></span> <span class='ocrx_word' id='word_1_410' title='bbox 1370 943 1463 975; x_wconf 81' lang='lat' dir='ltr'>solus</span> <span class='ocrx_word' id='word_1_411' title='bbox 1487 938 1655 985; x_wconf 79' lang='grc' dir='ltr'><strong><em>άκμηνὸν</em></strong></span> <span class='ocrx_word' id='word_1_412' title='bbox 1677 939 1751 974; x_wconf 80' lang='lat' dir='ltr'>sive</span> 
     </span>
     <span class='ocr_line' id='line_1_68' title="bbox 940 985 1753 1032; baseline -0.002 -10"><span class='ocrx_word' id='word_1_413' title='bbox 940 985 1108 1032; x_wconf 71' lang='grc' dir='ltr'><strong><em>ἄκμηνον</em></strong></span> <span class='ocrx_word' id='word_1_414' title='bbox 1157 994 1278 1021; x_wconf 79' lang='lat' dir='ltr'>contra</span> <span class='ocrx_word' id='word_1_415' title='bbox 1327 988 1515 1031; x_wconf 76' lang='lat' dir='ltr'>analogiam</span> <span class='ocrx_word' id='word_1_416' title='bbox 1557 986 1753 1032; x_wconf 83' lang='lat' dir='ltr'>appellaret</span> 
     </span>
     <span class='ocr_line' id='line_1_69' title="bbox 939 1032 1752 1078; baseline -0.001 -11"><span class='ocrx_word' id='word_1_417' title='bbox 939 1045 1036 1075; x_wconf 87' lang='lat' dir='ltr'>eum,</span> <span class='ocrx_word' id='word_1_418' title='bbox 1076 1033 1137 1078; x_wconf 87' lang='lat' dir='ltr'><strong><em>qui</em></strong></span> <span class='ocrx_word' id='word_1_419' title='bbox 1160 1035 1288 1068; x_wconf 85' lang='lat' dir='ltr'>ceteris</span> <span class='ocrx_word' id='word_1_420' title='bbox 1312 1034 1461 1067; x_wconf 80' lang='lat' dir='ltr'>Graecis</span> <span class='ocrx_word' id='word_1_421' title='bbox 1484 1032 1615 1066; x_wconf 83' lang='lat' dir='ltr'>usitate</span> <span class='ocrx_word' id='word_1_422' title='bbox 1647 1036 1752 1077; x_wconf 81' lang='lat' dir='ltr'>atquo</span> 
     </span>
     <span class='ocr_line' id='line_1_70' title="bbox 939 1078 1750 1130; baseline -0.002 -17"><span class='ocrx_word' id='word_1_423' title='bbox 939 1080 982 1112; x_wconf 77' lang='lat' dir='ltr'><strong><em>ad</em></strong></span> <span class='ocrx_word' id='word_1_424' title='bbox 1008 1080 1159 1123; x_wconf 81' lang='lat' dir='ltr'>regulam</span> <span class='ocrx_word' id='word_1_425' title='bbox 1184 1080 1357 1113; x_wconf 84' lang='lat' dir='ltr'>diceretur</span> <span class='ocrx_word' id='word_1_426' title='bbox 1383 1078 1568 1121; x_wconf 61' lang='grc' dir='ltr'><strong><em>ἀκμαῖοςῖ</em></strong></span> <span class='ocrx_word' id='word_1_427' title='bbox 1593 1078 1750 1130; x_wconf 79' lang='lat' dir='ltr'>profecto</span> 
     </span>
     <span class='ocr_line' id='line_1_71' title="bbox 940 1123 1752 1169; baseline -0.004 -10"><span class='ocrx_word' id='word_1_428' title='bbox 940 1126 1065 1160; x_wconf 86' lang='lat' dir='ltr'>nullam</span> <span class='ocrx_word' id='word_1_429' title='bbox 1090 1137 1226 1159; x_wconf 86' lang='lat' dir='ltr'>causam</span> <span class='ocrx_word' id='word_1_430' title='bbox 1251 1125 1536 1169; x_wconf 77' lang='lat' dir='ltr'>excogitabimus,</span> <span class='ocrx_word' id='word_1_431' title='bbox 1564 1124 1696 1168; x_wconf 84' lang='lat' dir='ltr'>itaque,</span> <span class='ocrx_word' id='word_1_432' title='bbox 1720 1123 1752 1157; x_wconf 87' lang='lat' dir='ltr'><strong><em>si</em></strong></span> 
     </span>
     <span class='ocr_line' id='line_1_72' title="bbox 938 1170 1751 1216; baseline -0.004 -11"><span class='ocrx_word' id='word_1_433' title='bbox 938 1172 1013 1206; x_wconf 87' lang='lat' dir='ltr'>veri</span> <span class='ocrx_word' id='word_1_434' title='bbox 1037 1183 1153 1206; x_wconf 88' lang='lat' dir='ltr'>sumus</span> <span class='ocrx_word' id='word_1_435' title='bbox 1178 1184 1241 1205; x_wconf 85' lang='lat' dir='ltr'><strong><em>nec</em></strong></span> <span class='ocrx_word' id='word_1_436' title='bbox 1273 1170 1526 1216; x_wconf 75' lang='lat' dir='ltr'>superstitiosi,</span> <span class='ocrx_word' id='word_1_437' title='bbox 1552 1170 1751 1210; x_wconf 86' lang='lat' dir='ltr'>fatebimur,</span> 
     </span>
     <span class='ocr_line' id='line_1_73' title="bbox 938 1212 1752 1272; baseline -0.002 -21"><span class='ocrx_word' id='word_1_438' title='bbox 938 1218 1024 1252; x_wconf 87' lang='lat' dir='ltr'>haec</span> <span class='ocrx_word' id='word_1_439' title='bbox 1059 1224 1224 1263; x_wconf 86' lang='lat' dir='ltr'>corrupta</span> <span class='ocrx_word' id='word_1_440' title='bbox 1251 1230 1339 1252; x_wconf 88' lang='lat' dir='ltr'>esse.</span> <span class='ocrx_word' id='word_1_441' title='bbox 1384 1217 1593 1251; x_wconf 79' lang='lat' dir='ltr'>scribamus·</span> <span class='ocrx_word' id='word_1_442' title='bbox 1628 1212 1752 1272; x_wconf 57' lang='lat' dir='ltr'>anmi?</span> 
     </span>
     <span class='ocr_line' id='line_1_74' title="bbox 939 1261 1752 1307; baseline -0.004 -8"><span class='ocrx_word' id='word_1_443' title='bbox 939 1262 977 1304; x_wconf 78' lang='grc' dir='ltr'><strong><em>ἐς</em></strong></span> <span class='ocrx_word' id='word_1_444' title='bbox 999 1266 1189 1303; x_wconf 82' lang='grc' dir='ltr'><strong><em>θαλέθων,</em></strong></span> <span class='ocrx_word' id='word_1_445' title='bbox 1209 1265 1244 1298; x_wconf 91' lang='lat' dir='ltr'><strong>h.</strong></span> <span class='ocrx_word' id='word_1_446' title='bbox 1266 1277 1296 1298; x_wconf 90' lang='lat' dir='ltr'>e.</span> <span class='ocrx_word' id='word_1_447' title='bbox 1320 1266 1409 1299; x_wconf 84' lang='grc' dir='ltr'><strong><em>θαλ</em></strong></span> <span class='ocrx_word' id='word_1_448' title='bbox 1433 1261 1472 1304; x_wconf 84' lang='grc' dir='ltr'><strong><em>ἐς</em></strong></span> <span class='ocrx_word' id='word_1_449' title='bbox 1494 1261 1627 1307; x_wconf 82' lang='grc' dir='ltr'><strong><em>άκμὴν,</em></strong></span> <span class='ocrx_word' id='word_1_450' title='bbox 1651 1268 1692 1296; x_wconf 87' lang='lat' dir='ltr'><strong><em>ut</em></strong></span> <span class='ocrx_word' id='word_1_451' title='bbox 1706 1275 1752 1306; x_wconf 78' lang='lat' dir='ltr'>y,</span> 
     </span>
     <span class='ocr_line' id='line_1_75' title="bbox 939 1305 1750 1366; baseline -0.001 -21"><span class='ocrx_word' id='word_1_452' title='bbox 939 1311 1041 1346; x_wconf 83' lang='lat'><strong>137.:</strong></span> <span class='ocrx_word' id='word_1_453' title='bbox 1075 1310 1126 1344; x_wconf 75' lang='lat' dir='ltr'><strong><em>w}</em></strong></span> <span class='ocrx_word' id='word_1_454' title='bbox 1168 1308 1209 1344; x_wconf 89' lang='lat'><strong><em>63</em></strong></span> <span class='ocrx_word' id='word_1_455' title='bbox 1241 1308 1497 1364; x_wconf 75' lang='grc' dir='ltr'><strong><em>καλεσσαμένω</em></strong></span> <span class='ocrx_word' id='word_1_456' title='bbox 1541 1305 1682 1366; x_wconf 78' lang='grc' dir='ltr'><strong><em>ἀγορήν</em></strong></span> <span class='ocrx_word' id='word_1_457' title='bbox 1711 1306 1750 1350; x_wconf 86' lang='grc' dir='ltr'><strong><em>ἐς</em></strong></span> 
     </span>
     <span class='ocr_line' id='line_1_76' title="bbox 937 1353 1752 1413; baseline 0 -23"><span class='ocrx_word' id='word_1_458' title='bbox 937 1355 1079 1396; x_wconf 80' lang='grc' dir='ltr'><strong><em>πάντας</em></strong></span> <span class='ocrx_word' id='word_1_459' title='bbox 1086 1354 1271 1413; x_wconf 77' lang='grc' dir='ltr'><strong><em>Ἀχαιονς,</em></strong></span> <span class='ocrx_word' id='word_1_460' title='bbox 1295 1364 1330 1391; x_wconf 84' lang='lat' dir='ltr'><strong><em>et</em></strong></span> <span class='ocrx_word' id='word_1_461' title='bbox 1352 1357 1392 1389; x_wconf 90' lang='lat' dir='ltr'><strong><em>ll.</em></strong></span> <span class='ocrx_word' id='word_1_462' title='bbox 1419 1354 1463 1398; x_wconf 92' lang='grc' dir='ltr'><strong><em>ο’,</em></strong></span> <span class='ocrx_word' id='word_1_463' title='bbox 1488 1356 1570 1391; x_wconf 90' lang='grc'><strong>59.</strong></span> <span class='ocrx_word' id='word_1_464' title='bbox 1586 1353 1752 1398; x_wconf 83' lang='grc' dir='ltr'><strong><em>Έκτορα</em></strong></span> 
     </span>
     <span class='ocr_line' id='line_1_77' title="bbox 937 1399 1750 1461; baseline -0.002 -24"><span class='ocrx_word' id='word_1_465' title='bbox 937 1401 978 1437; x_wconf 86' lang='grc' dir='ltr'><strong><em>δ’</em></strong></span> <span class='ocrx_word' id='word_1_466' title='bbox 1002 1402 1180 1461; x_wconf 83' lang='grc' dir='ltr'><strong><em>ὀτρύνησι</em></strong></span> <span class='ocrx_word' id='word_1_467' title='bbox 1203 1406 1324 1458; x_wconf 77' lang='grc' dir='ltr'><strong><em>μάχην</em></strong></span> <span class='ocrx_word' id='word_1_468' title='bbox 1346 1401 1381 1442; x_wconf 83' lang='grc' dir='ltr'><strong><em>ἐς</em></strong></span> <span class='ocrx_word' id='word_1_469' title='bbox 1403 1403 1540 1446; x_wconf 85' lang='grc' dir='ltr'><strong><em>Φοῖβος</em></strong></span> <span class='ocrx_word' id='word_1_470' title='bbox 1556 1399 1750 1437; x_wconf 72' lang='grc' dir='ltr'><strong><em>Ἀπόλλων.</em></strong></span> 
     </span>
     <span class='ocr_line' id='line_1_78' title="bbox 935 1447 1750 1502; baseline -0.002 -19"><span class='ocrx_word' id='word_1_471' title='bbox 935 1450 1023 1483; x_wconf 85' lang='grc' dir='ltr'><strong><em>θαλ.</em></strong></span> <span class='ocrx_word' id='word_1_472' title='bbox 1057 1448 1093 1490; x_wconf 84' lang='grc' dir='ltr'><strong><em>ἐς</em></strong></span> <span class='ocrx_word' id='word_1_473' title='bbox 1118 1448 1239 1493; x_wconf 76' lang='grc' dir='ltr'><strong><em>ἀκμήν</em></strong></span> <span class='ocrx_word' id='word_1_474' title='bbox 1265 1461 1327 1494; x_wconf 88' lang='lat' dir='ltr'>pro</span> <span class='ocrx_word' id='word_1_475' title='bbox 1361 1449 1399 1484; x_wconf 81' lang='grc' dir='ltr'><strong><em>έν</em></strong></span> <span class='ocrx_word' id='word_1_476' title='bbox 1424 1447 1556 1502; x_wconf 80' lang='grc' dir='ltr'><strong><em>α’κμῇ,</em></strong></span> <span class='ocrx_word' id='word_1_477' title='bbox 1570 1449 1662 1491; x_wconf 82' lang='lat' dir='ltr'>flore</span> <span class='ocrx_word' id='word_1_478' title='bbox 1695 1449 1750 1482; x_wconf 86' lang='grc' dir='ltr'><strong><em>υἰ-</em></strong></span> 
     </span>
     <span class='ocr_line' id='line_1_79' title="bbox 934 1493 1749 1540; baseline 0 -13"><span class='ocrx_word' id='word_1_479' title='bbox 934 1506 1042 1540; x_wconf 81' lang='lat' dir='ltr'>gens,</span> <span class='ocrx_word' id='word_1_480' title='bbox 1076 1507 1176 1540; x_wconf 90' lang='lat' dir='ltr'>quem</span> <span class='ocrx_word' id='word_1_481' title='bbox 1199 1508 1292 1530; x_wconf 88' lang='lat' dir='ltr'>usum</span> <span class='ocrx_word' id='word_1_482' title='bbox 1320 1495 1371 1535; x_wconf 83' lang='grc' dir='ltr'><strong><em>εἰς</em></strong></span> <span class='ocrx_word' id='word_1_483' title='bbox 1396 1493 1665 1539; x_wconf 78' lang='lat' dir='ltr'>praepositionis</span> <span class='ocrx_word' id='word_1_484' title='bbox 1687 1506 1749 1528; x_wconf 86' lang='lat' dir='ltr'><strong><em>ex-</em></strong></span> 
     </span>
     <span class='ocr_line' id='line_1_80' title="bbox 935 1539 1748 1599; baseline -0.001 -24"><span class='ocrx_word' id='word_1_485' title='bbox 935 1541 1055 1585; x_wconf 84' lang='lat' dir='ltr'>emplis</span> <span class='ocrx_word' id='word_1_486' title='bbox 1072 1541 1292 1576; x_wconf 79' lang='lat' dir='ltr'>declararunt</span> <span class='ocrx_word' id='word_1_487' title='bbox 1312 1541 1439 1575; x_wconf 65' lang='lat' dir='ltr'><strong>Mani..</strong></span> <span class='ocrx_word' id='word_1_488' title='bbox 1458 1549 1493 1599; x_wconf 56' lang='lat' dir='ltr'><strong><em>e}</em></strong></span> <span class='ocrx_word' id='word_1_489' title='bbox 1509 1539 1748 1578; x_wconf 84' lang='lat' dir='ltr'>Grammatici.</span> 
     </span>
     <span class='ocr_line' id='line_1_81' title="bbox 936 1584 1748 1633; baseline -0.001 -12"><span class='ocrx_word' id='word_1_490' title='bbox 936 1587 1058 1632; x_wconf 88' lang='lat' dir='ltr'>Eurip.</span> <span class='ocrx_word' id='word_1_491' title='bbox 1093 1588 1166 1621; x_wconf 82' lang='lat' dir='ltr'><strong>Alc.</strong></span> <span class='ocrx_word' id='word_1_492' title='bbox 1196 1590 1297 1624; x_wconf 84' lang='grc'><strong><em>307.·</em></strong></span> <span class='ocrx_word' id='word_1_493' title='bbox 1333 1586 1425 1633; x_wconf 78' lang='grc' dir='ltr'><strong><em>ἥβης</em></strong></span> <span class='ocrx_word' id='word_1_494' title='bbox 1468 1586 1509 1622; x_wconf 88' lang='grc' dir='ltr'><strong><em>ἐν</em></strong></span> <span class='ocrx_word' id='word_1_495' title='bbox 1544 1584 1644 1632; x_wconf 75' lang='grc' dir='ltr'><strong><em>ἀκμῇ</em></strong></span> <span class='ocrx_word' id='word_1_496' title='bbox 1677 1592 1748 1622; x_wconf 84' lang='lat' dir='ltr'>etc.</span> 
     </span>
     <span class='ocr_line' id='line_1_82' title="bbox 936 1633 1748 1678; baseline 0.002 -11"><span class='ocrx_word' id='word_1_497' title='bbox 936 1640 1117 1678; x_wconf 86' lang='lat' dir='ltr'>superest,</span> <span class='ocrx_word' id='word_1_498' title='bbox 1157 1639 1194 1668; x_wconf 85' lang='lat' dir='ltr'><strong><em>ut</em></strong></span> <span class='ocrx_word' id='word_1_499' title='bbox 1218 1635 1261 1668; x_wconf 90' lang='lat' dir='ltr'><strong><em>de</em></strong></span> <span class='ocrx_word' id='word_1_500' title='bbox 1285 1633 1489 1678; x_wconf 81' lang='lat' dir='ltr'>permutatis</span> <span class='ocrx_word' id='word_1_501' title='bbox 1515 1634 1606 1666; x_wconf 83' lang='lat' dir='ltr'>inter</span> <span class='ocrx_word' id='word_1_502' title='bbox 1630 1644 1706 1667; x_wconf 86' lang='lat' dir='ltr'>sese</span> <span class='ocrx_word' id='word_1_503' title='bbox 1729 1645 1748 1669; x_wconf 72' lang='grc' dir='ltr'><strong><em>ε</em></strong></span> 
     </span>
     <span class='ocr_line' id='line_1_83' title="bbox 937 1679 1748 1724; baseline -0.001 -11"><span class='ocrx_word' id='word_1_504' title='bbox 937 1685 973 1713; x_wconf 81' lang='lat' dir='ltr'><strong><em>et</em></strong></span> <span class='ocrx_word' id='word_1_505' title='bbox 997 1692 1015 1714; x_wconf 91' lang='grc' dir='ltr'><strong><em>ο</em></strong></span> <span class='ocrx_word' id='word_1_506' title='bbox 1041 1679 1166 1713; x_wconf 83' lang='lat' dir='ltr'>litteris</span> <span class='ocrx_word' id='word_1_507' title='bbox 1192 1681 1364 1721; x_wconf 80' lang='lat' dir='ltr'>dicamus,</span> <span class='ocrx_word' id='word_1_508' title='bbox 1399 1680 1458 1724; x_wconf 88' lang='lat' dir='ltr'><strong><em>qui</em></strong></span> <span class='ocrx_word' id='word_1_509' title='bbox 1483 1679 1617 1713; x_wconf 84' lang='lat' dir='ltr'>minime</span> <span class='ocrx_word' id='word_1_510' title='bbox 1648 1690 1748 1712; x_wconf 80' lang='lat' dir='ltr'>rarus</span> 
     </span>
     <span class='ocr_line' id='line_1_84' title="bbox 937 1724 1748 1770; baseline 0 -11"><span class='ocrx_word' id='word_1_511' title='bbox 937 1737 1034 1759; x_wconf 87' lang='lat' dir='ltr'>error</span> <span class='ocrx_word' id='word_1_512' title='bbox 1059 1731 1112 1760; x_wconf 74' lang='lat' dir='ltr'><strong><em>est</em></strong></span> <span class='ocrx_word' id='word_1_513' title='bbox 1134 1725 1169 1759; x_wconf 84' lang='lat' dir='ltr'><strong><em>in</em></strong></span> <span class='ocrx_word' id='word_1_514' title='bbox 1198 1726 1317 1765; x_wconf 84' lang='lat' dir='ltr'>libris,</span> <span class='ocrx_word' id='word_1_515' title='bbox 1343 1726 1546 1770; x_wconf 84' lang='lat' dir='ltr'>praesertim</span> <span class='ocrx_word' id='word_1_516' title='bbox 1571 1724 1748 1769; x_wconf 87' lang='lat' dir='ltr'>scriptura</span> 
     </span>
     <span class='ocr_line' id='line_1_85' title="bbox 936 1771 1748 1828; baseline 0.004 -24"><span class='ocrx_word' id='word_1_517' title='bbox 936 1771 1118 1825; x_wconf 80' lang='lat' dir='ltr'>continua;</span> <span class='ocrx_word' id='word_1_518' title='bbox 1163 1773 1258 1805; x_wconf 85' lang='lat' dir='ltr'>velut</span> <span class='ocrx_word' id='word_1_519' title='bbox 1293 1775 1444 1806; x_wconf 80' lang='grc' dir='ltr'><strong><em>νείκειεν</em></strong></span> <span class='ocrx_word' id='word_1_520' title='bbox 1482 1783 1545 1828; x_wconf 89' lang='lat' dir='ltr'>pro</span> <span class='ocrx_word' id='word_1_521' title='bbox 1589 1773 1748 1807; x_wconf 79' lang='grc' dir='ltr'><strong><em>νείκειον</em></strong></span> 
     </span>
     <span class='ocr_line' id='line_1_86' title="bbox 932 1816 1746 1862; baseline 0 -10"><span class='ocrx_word' id='word_1_522' title='bbox 932 1818 1098 1862; x_wconf 76' lang='lat' dir='ltr'>scriptum</span> <span class='ocrx_word' id='word_1_523' title='bbox 1127 1822 1202 1859; x_wconf 85' lang='lat' dir='ltr'>est,</span> <span class='ocrx_word' id='word_1_524' title='bbox 1235 1817 1299 1852; x_wconf 85' lang='lat' dir='ltr'>nisi</span> <span class='ocrx_word' id='word_1_525' title='bbox 1325 1818 1447 1855; x_wconf 77' lang='lat' dir='ltr'>fallor,</span> <span class='ocrx_word' id='word_1_526' title='bbox 1471 1816 1516 1862; x_wconf 81' lang='grc' dir='ltr'><strong><em>χ’,</em></strong></span> <span class='ocrx_word' id='word_1_527' title='bbox 1539 1818 1617 1859; x_wconf 77' lang='grc'><strong><em>26.,</em></strong></span> <span class='ocrx_word' id='word_1_528' title='bbox 1644 1824 1681 1851; x_wconf 83' lang='lat' dir='ltr'><strong><em>et</em></strong></span> <span class='ocrx_word' id='word_1_529' title='bbox 1703 1830 1746 1852; x_wconf 88' lang='lat' dir='ltr'><strong><em>a-</em></strong></span> 
     </span>
     <span class='ocr_line' id='line_1_87' title="bbox 934 1862 1746 1910; baseline 0 -13"><span class='ocrx_word' id='word_1_530' title='bbox 934 1864 1005 1910; x_wconf 88' lang='lat' dir='ltr'><strong><em>pud</em></strong></span> <span class='ocrx_word' id='word_1_531' title='bbox 1039 1864 1240 1908; x_wconf 83' lang='lat' dir='ltr'>Aeschylum</span> <span class='ocrx_word' id='word_1_532' title='bbox 1274 1865 1399 1909; x_wconf 91' lang='lat' dir='ltr'>Suppl.</span> <span class='ocrx_word' id='word_1_533' title='bbox 1429 1865 1499 1898; x_wconf 75' lang='lat'><strong><em>332</em></strong></span> <span class='ocrx_word' id='word_1_534' title='bbox 1522 1882 1568 1888; x_wconf 92' lang='lat'><strong><em>—-</em></strong></span> <span class='ocrx_word' id='word_1_535' title='bbox 1594 1862 1746 1907; x_wconf 87' lang='grc' dir='ltr'><strong><em>φρόνων</em></strong></span> 
     </span>
     <span class='ocr_line' id='line_1_88' title="bbox 932 1908 1745 1956; baseline -0.001 -12"><span class='ocrx_word' id='word_1_536' title='bbox 932 1922 997 1956; x_wconf 84' lang='lat' dir='ltr'>pro</span> <span class='ocrx_word' id='word_1_537' title='bbox 1022 1910 1180 1954; x_wconf 77' lang='grc' dir='ltr'><strong><em>φρενῶν,</em></strong></span> <span class='ocrx_word' id='word_1_538' title='bbox 1205 1917 1240 1944; x_wconf 88' lang='lat' dir='ltr'><strong><em>et</em></strong></span> <span class='ocrx_word' id='word_1_539' title='bbox 1265 1918 1387 1944; x_wconf 83' lang='lat' dir='ltr'>contra</span> <span class='ocrx_word' id='word_1_540' title='bbox 1411 1908 1472 1953; x_wconf 73' lang='grc' dir='ltr'><strong><em>ἕξυ</em></strong></span> <span class='ocrx_word' id='word_1_541' title='bbox 1498 1921 1560 1955; x_wconf 85' lang='lat' dir='ltr'>pro</span> <span class='ocrx_word' id='word_1_542' title='bbox 1584 1909 1650 1952; x_wconf 74' lang='grc' dir='ltr'><strong><em>ὀξύ</em></strong></span> <span class='ocrx_word' id='word_1_543' title='bbox 1676 1909 1745 1943; x_wconf 86' lang='lat' dir='ltr'>ibi-</span> 
     </span>
     <span class='ocr_line' id='line_1_89' title="bbox 933 1955 1744 2001; baseline -0.001 -11"><span class='ocrx_word' id='word_1_544' title='bbox 933 1959 1009 1990; x_wconf 85' lang='lat' dir='ltr'><strong><em>dem</em></strong></span> <span class='ocrx_word' id='word_1_545' title='bbox 1033 1958 1114 1992; x_wconf 86' lang='lat'><strong>798.</strong></span> <span class='ocrx_word' id='word_1_546' title='bbox 1148 1956 1241 2001; x_wconf 80' lang='lat' dir='ltr'>quod</span> <span class='ocrx_word' id='word_1_547' title='bbox 1268 1957 1438 1990; x_wconf 78' lang='lat' dir='ltr'>Porsonus</span> <span class='ocrx_word' id='word_1_548' title='bbox 1467 1955 1673 1990; x_wconf 79' lang='lat' dir='ltr'>emendavit.</span> <span class='ocrx_word' id='word_1_549' title='bbox 1698 1956 1744 1990; x_wconf 80' lang='lat' dir='ltr'><strong><em>cf.</em></strong></span> 
     </span>
     <span class='ocr_line' id='line_1_90' title="bbox 932 2001 1743 2047; baseline -0.002 -11"><span class='ocrx_word' id='word_1_550' title='bbox 932 2002 1078 2036; x_wconf 82' lang='lat' dir='ltr'>indicem</span> <span class='ocrx_word' id='word_1_551' title='bbox 1102 2002 1277 2045; x_wconf 65' lang='grc' dir='ltr'><strong><em>Αεεεὶι)1ἰ,</em></strong></span> <span class='ocrx_word' id='word_1_552' title='bbox 1301 2013 1321 2036; x_wconf 90' lang='lat' dir='ltr'>a</span> <span class='ocrx_word' id='word_1_553' title='bbox 1345 2002 1445 2037; x_wconf 84' lang='lat' dir='ltr'>nobis</span> <span class='ocrx_word' id='word_1_554' title='bbox 1469 2001 1612 2047; x_wconf 86' lang='lat' dir='ltr'>editi,p</span> <span class='ocrx_word' id='word_1_555' title='bbox 1615 2003 1743 2046; x_wconf 76' lang='lat'><strong>..332‚</strong></span> 
     </span>
     <span class='ocr_line' id='line_1_91' title="bbox 933 2048 1666 2094; baseline 0 -11"><span class='ocrx_word' id='word_1_556' title='bbox 933 2049 1112 2093; x_wconf 82' lang='lat' dir='ltr'>Musgrav.</span> <span class='ocrx_word' id='word_1_557' title='bbox 1137 2049 1181 2082; x_wconf 87' lang='lat' dir='ltr'><strong><em>ad</em></strong></span> <span class='ocrx_word' id='word_1_558' title='bbox 1206 2048 1331 2094; x_wconf 85' lang='lat' dir='ltr'>Eurip.</span> <span class='ocrx_word' id='word_1_559' title='bbox 1357 2049 1480 2094; x_wconf 89' lang='lat' dir='ltr'>Suppl.</span> <span class='ocrx_word' id='word_1_560' title='bbox 1505 2049 1575 2084; x_wconf 83' lang='lat'><strong><em>330</em></strong></span> <span class='ocrx_word' id='word_1_561' title='bbox 1598 2048 1666 2083; x_wconf 76' lang='lat' dir='ltr'>etc.</span> 
     </span>
    </p>
   </div>
   <div class='ocr_carea' id='block_1_6' title="bbox 925 2137 1742 3023">
    <p class='ocr_par' dir='ltr' id='par_1_7' title="bbox 925 2137 1742 3023">
     <span class='ocr_line' id='line_1_92' title="bbox 979 2137 1742 2200; baseline -0.001 -23"><span class='ocrx_word' id='word_1_562' title='bbox 979 2141 1173 2200; x_wconf 69' lang='grc'><strong><em>192-901</em></strong></span> <span class='ocrx_word' id='word_1_563' title='bbox 1214 2140 1267 2174; x_wconf 88' lang='lat' dir='ltr'><strong><em>E:</em></strong></span> <span class='ocrx_word' id='word_1_564' title='bbox 1298 2137 1339 2175; x_wconf 82' lang='grc' dir='ltr'><strong><em>τὸ</em></strong></span> <span class='ocrx_word' id='word_1_565' title='bbox 1371 2138 1412 2175; x_wconf 86' lang='lat'><strong><em>63</em></strong></span> <span class='ocrx_word' id='word_1_566' title='bbox 1445 2138 1742 2187; x_wconf 79' lang='grc' dir='ltr'><strong><em>ἆμφιβαλων</em></strong></span> 
     </span>
     <span class='ocr_line' id='line_1_93' title="bbox 932 2185 1742 2243; baseline 0.001 -22"><span class='ocrx_word' id='word_1_567' title='bbox 932 2185 1019 2222; x_wconf 72' lang='grc' dir='ltr'><strong><em>ἀντὶ</em></strong></span> <span class='ocrx_word' id='word_1_568' title='bbox 1051 2188 1119 2221; x_wconf 86' lang='grc' dir='ltr'><strong><em>τοῦ</em></strong></span> <span class='ocrx_word' id='word_1_569' title='bbox 1154 2186 1222 2221; x_wconf 77' lang='grc' dir='ltr'><strong><em>ἔσω</em></strong></span> <span class='ocrx_word' id='word_1_570' title='bbox 1246 2185 1476 2243; x_wconf 84' lang='grc' dir='ltr'><strong><em>περιλαβων,</em></strong></span> <span class='ocrx_word' id='word_1_571' title='bbox 1505 2189 1742 2242; x_wconf 80' lang='grc' dir='ltr'><strong><em>περικλείσας.</em></strong></span> 
     </span>
     <span class='ocr_line' id='line_1_94' title="bbox 931 2230 1742 2278; baseline 0.001 -10"><span class='ocrx_word' id='word_1_572' title='bbox 931 2230 973 2268; x_wconf 80' lang='grc' dir='ltr'><strong><em>τὸ</em></strong></span> <span class='ocrx_word' id='word_1_573' title='bbox 999 2231 1039 2268; x_wconf 88' lang='lat'><strong><em>63</em></strong></span> <span class='ocrx_word' id='word_1_574' title='bbox 1064 2231 1174 2278; x_wconf 79' lang='grc' dir='ltr'><strong><em>ὄφρ’</em></strong></span> <span class='ocrx_word' id='word_1_575' title='bbox 1203 2231 1425 2268; x_wconf 80' lang='grc' dir='ltr'><strong><em>ἐτέλεσσα</em></strong></span> <span class='ocrx_word' id='word_1_576' title='bbox 1451 2235 1508 2275; x_wconf 82' lang='grc' dir='ltr'><strong><em>δὶς</em></strong></span> <span class='ocrx_word' id='word_1_577' title='bbox 1531 2234 1570 2269; x_wconf 86' lang='grc' dir='ltr'><strong><em>ἐν</em></strong></span> <span class='ocrx_word' id='word_1_578' title='bbox 1591 2232 1742 2275; x_wconf 83' lang='grc' dir='ltr'><strong><em>τούτοις</em></strong></span> 
     </span>
     <span class='ocr_line' id='line_1_95' title="bbox 932 2279 1742 2337; baseline 0.001 -22"><span class='ocrx_word' id='word_1_579' title='bbox 932 2279 1026 2324; x_wconf 76' lang='grc' dir='ltr'><strong><em>ἔφη,</em></strong></span> <span class='ocrx_word' id='word_1_580' title='bbox 1059 2279 1122 2314; x_wconf 79' lang='grc' dir='ltr'><strong><em>οἷα</em></strong></span> <span class='ocrx_word' id='word_1_581' title='bbox 1144 2283 1324 2324; x_wconf 74' lang='grc' dir='ltr'><strong><em>μηδαμοῦ</em></strong></span> <span class='ocrx_word' id='word_1_582' title='bbox 1346 2293 1413 2337; x_wconf 85' lang='grc' dir='ltr'><strong><em>την</em></strong></span> <span class='ocrx_word' id='word_1_583' title='bbox 1437 2283 1582 2323; x_wconf 83' lang='grc' dir='ltr'><strong><em>καίριον</em></strong></span> <span class='ocrx_word' id='word_1_584' title='bbox 1606 2293 1742 2316; x_wconf 87' lang='grc' dir='ltr'><strong><em>ταυτο-</em></strong></span> 
     </span>
     <span class='ocr_line' id='line_1_96' title="bbox 931 2326 1741 2384; baseline 0.001 -23"><span class='ocrx_word' id='word_1_585' title='bbox 931 2329 1055 2370; x_wconf 84' lang='grc' dir='ltr'><strong><em>λογίαν</em></strong></span> <span class='ocrx_word' id='word_1_586' title='bbox 1079 2326 1385 2369; x_wconf 86' lang='grc' dir='ltr'><strong><em>αἰδούμενος.τό</em></strong></span> <span class='ocrx_word' id='word_1_587' title='bbox 1411 2327 1451 2362; x_wconf 85' lang='lat'><strong><em>63</em></strong></span> <span class='ocrx_word' id='word_1_588' title='bbox 1472 2326 1741 2384; x_wconf 78' lang='grc' dir='ltr'><strong><em>λιθάδεσσι</em></strong></span> 
     </span>
     <span class='ocr_line' id='line_1_97' title="bbox 931 2370 1741 2430; baseline 0.001 -23"><span class='ocrx_word' id='word_1_589' title='bbox 931 2373 991 2417; x_wconf 83' lang='grc' dir='ltr'><strong><em>(ξ’,</em></strong></span> <span class='ocrx_word' id='word_1_590' title='bbox 1010 2375 1073 2417; x_wconf 81' lang='lat'><strong><em>38)</em></strong></span> <span class='ocrx_word' id='word_1_591' title='bbox 1100 2375 1218 2415; x_wconf 81' lang='grc' dir='ltr'><strong><em>δηλοῖ,</em></strong></span> <span class='ocrx_word' id='word_1_592' title='bbox 1243 2372 1292 2415; x_wconf 77' lang='grc' dir='ltr'><strong><em>ὥς</em></strong></span> <span class='ocrx_word' id='word_1_593' title='bbox 1310 2371 1380 2408; x_wconf 78' lang='grc' dir='ltr'><strong><em>οὐκ</em></strong></span> <span class='ocrx_word' id='word_1_594' title='bbox 1404 2373 1440 2415; x_wconf 76' lang='grc' dir='ltr'><strong><em>ἐξ</em></strong></span> <span class='ocrx_word' id='word_1_595' title='bbox 1458 2370 1634 2430; x_wconf 72' lang='grc' dir='ltr'><strong><em>ἀνάγκης</em></strong></span> <span class='ocrx_word' id='word_1_596' title='bbox 1645 2372 1741 2408; x_wconf 79' lang='grc' dir='ltr'><strong><em>ὑπο-</em></strong></span> 
     </span>
     <span class='ocr_line' id='line_1_98' title="bbox 929 2417 1740 2479; baseline 0.001 -24"><span class='ocrx_word' id='word_1_597' title='bbox 929 2419 1116 2479; x_wconf 61' lang='lat' dir='ltr'><strong><em>upptauxr}</em></strong></span> <span class='ocrx_word' id='word_1_598' title='bbox 1148 2419 1241 2461; x_wconf 80' lang='grc' dir='ltr'><strong><em>λέξις</em></strong></span> <span class='ocrx_word' id='word_1_599' title='bbox 1281 2417 1305 2465; x_wconf 84' lang='grc' dir='ltr'>ἡ</span> <span class='ocrx_word' id='word_1_600' title='bbox 1337 2419 1556 2459; x_wconf 53' lang='lat' dir='ltr'><strong>levois-013</strong></span> <span class='ocrx_word' id='word_1_601' title='bbox 1588 2418 1658 2464; x_wconf 76' lang='grc' dir='ltr'><strong><em>γάρ</em></strong></span> <span class='ocrx_word' id='word_1_602' title='bbox 1692 2433 1740 2456; x_wconf 83' lang='grc' dir='ltr'><strong><em>αν</em></strong></span> 
     </span>
     <span class='ocr_line' id='line_1_99' title="bbox 930 2462 1737 2511; baseline 0.002 -11"><span class='ocrx_word' id='word_1_603' title='bbox 930 2467 987 2510; x_wconf 77' lang='grc' dir='ltr'><strong><em>ειή</em></strong></span> <span class='ocrx_word' id='word_1_604' title='bbox 1020 2462 1119 2501; x_wconf 81' lang='grc' dir='ltr'><strong><em>οὕτω</em></strong></span> <span class='ocrx_word' id='word_1_605' title='bbox 1144 2466 1278 2510; x_wconf 81' lang='grc' dir='ltr'><strong><em>σεμνὸς</em></strong></span> <span class='ocrx_word' id='word_1_606' title='bbox 1312 2464 1498 2511; x_wconf 83' lang='grc' dir='ltr'><strong><em>βασιλικός</em></strong></span> <span class='ocrx_word' id='word_1_607' title='bbox 1519 2465 1692 2511; x_wconf 86' lang='grc' dir='ltr'><strong><em>θάλαμος</em></strong></span> <span class='ocrx_word' id='word_1_608' title='bbox 1716 2464 1737 2502; x_wconf 79' lang='grc' dir='ltr'><em>ὃ</em></span> 
     </span>
     <span class='ocr_line' id='line_1_100' title="bbox 930 2511 1740 2569; baseline 0.001 -22"><span class='ocrx_word' id='word_1_609' title='bbox 930 2511 969 2547; x_wconf 82' lang='grc' dir='ltr'><strong><em>ἐκ</em></strong></span> <span class='ocrx_word' id='word_1_610' title='bbox 998 2514 1170 2547; x_wconf 83' lang='grc' dir='ltr'><strong><em>λιθιδίων</em></strong></span> <span class='ocrx_word' id='word_1_611' title='bbox 1195 2513 1478 2569; x_wconf 82' lang='grc' dir='ltr'><strong><em>οἰκοδομηθεὶς,</em></strong></span> <span class='ocrx_word' id='word_1_612' title='bbox 1514 2512 1577 2548; x_wconf 81' lang='grc' dir='ltr'><strong><em>οἷα</em></strong></span> <span class='ocrx_word' id='word_1_613' title='bbox 1599 2514 1665 2548; x_wconf 90' lang='grc' dir='ltr'><strong><em>καί</em></strong></span> <span class='ocrx_word' id='word_1_614' title='bbox 1684 2526 1740 2555; x_wconf 86' lang='grc' dir='ltr'><strong><em>τις</em></strong></span> 
     </span>
     <span class='ocr_line' id='line_1_101' title="bbox 930 2557 1737 2605; baseline 0.005 -13"><span class='ocrx_word' id='word_1_615' title='bbox 930 2557 1087 2602; x_wconf 75' lang='grc' dir='ltr'><strong><em>αὶμασιὰ</em></strong></span> <span class='ocrx_word' id='word_1_616' title='bbox 1113 2557 1135 2603; x_wconf 84' lang='grc' dir='ltr'>ἡ</span> <span class='ocrx_word' id='word_1_617' title='bbox 1151 2558 1461 2605; x_wconf 85' lang='grc' dir='ltr'><strong><em>προδεδηλωμένη</em></strong></span> <span class='ocrx_word' id='word_1_618' title='bbox 1485 2558 1548 2603; x_wconf 79' lang='lat'><strong>(6¹,</strong></span> <span class='ocrx_word' id='word_1_619' title='bbox 1567 2560 1668 2604; x_wconf 85' lang='lat'><strong>358).</strong></span> <span class='ocrx_word' id='word_1_620' title='bbox 1693 2560 1737 2596; x_wconf 81' lang='grc' dir='ltr'><strong><em>τὸ</em></strong></span> 
     </span>
     <span class='ocr_line' id='line_1_102' title="bbox 931 2585 1739 2664; baseline 0.004 -25"><span class='ocrx_word' id='word_1_621' title='bbox 931 2604 971 2639; x_wconf 86' lang='lat'><strong><em>63</em></strong></span> <span class='ocrx_word' id='word_1_622' title='bbox 996 2608 1111 2640; x_wconf 84' lang='grc' dir='ltr'><strong><em>κολλ.</em></strong></span> <span class='ocrx_word' id='word_1_623' title='bbox 1113 2606 1291 2660; x_wconf 76' lang='grc' dir='ltr'><strong><em>θύρας</em></strong></span> <span class='ocrx_word' id='word_1_624' title='bbox 1321 2606 1391 2641; x_wconf 79' lang='grc' dir='ltr'><strong><em>νῦν</em></strong></span> <span class='ocrx_word' id='word_1_625' title='bbox 1416 2585 1558 2664; x_wconf 77' lang='grc' dir='ltr'><strong><em>ἐῤῥέθη</em></strong></span> <span class='ocrx_word' id='word_1_626' title='bbox 1577 2606 1739 2651; x_wconf 77' lang='grc' dir='ltr'><strong><em>συνηθέ-</em></strong></span> 
     </span>
     <span class='ocr_line' id='line_1_103' title="bbox 931 2647 1737 2698; baseline 0.001 -12"><span class='ocrx_word' id='word_1_627' title='bbox 931 2647 1172 2694; x_wconf 62' lang='lat' dir='ltr'><strong>aneon-613</strong></span> <span class='ocrx_word' id='word_1_628' title='bbox 1189 2651 1260 2698; x_wconf 75' lang='grc' dir='ltr'><strong><em>γὰρ</em></strong></span> <span class='ocrx_word' id='word_1_629' title='bbox 1284 2651 1518 2695; x_wconf 73' lang='grc' dir='ltr'><strong><em>κολλητὰς</em></strong></span> <span class='ocrx_word' id='word_1_630' title='bbox 1547 2651 1640 2696; x_wconf 77' lang='grc' dir='ltr'><strong><em>ἔλεγε</em></strong></span> <span class='ocrx_word' id='word_1_631' title='bbox 1665 2664 1737 2688; x_wconf 85' lang='grc' dir='ltr'><strong><em>σα-</em></strong></span> 
     </span>
     <span class='ocr_line' id='line_1_104' title="bbox 929 2696 1737 2744; baseline 0.002 -11"><span class='ocrx_word' id='word_1_632' title='bbox 929 2699 1070 2737; x_wconf 84' lang='grc' dir='ltr'><strong><em>νίδας</em></strong></span> <span class='ocrx_word' id='word_1_633' title='bbox 1095 2696 1177 2742; x_wconf 86' lang='grc' dir='ltr'><strong><em>(φ’,</em></strong></span> <span class='ocrx_word' id='word_1_634' title='bbox 1203 2700 1282 2742; x_wconf 86' lang='grc'><strong><em>137,</em></strong></span> <span class='ocrx_word' id='word_1_635' title='bbox 1308 2698 1386 2740; x_wconf 87' lang='grc'><strong><em>164,</em></strong></span> <span class='ocrx_word' id='word_1_636' title='bbox 1412 2698 1451 2732; x_wconf 90' lang='grc' dir='ltr'><strong><em>ΙΙ.</em></strong></span> <span class='ocrx_word' id='word_1_637' title='bbox 1475 2696 1510 2740; x_wconf 86' lang='grc' dir='ltr'><strong><em>ι’,</em></strong></span> <span class='ocrx_word' id='word_1_638' title='bbox 1533 2700 1641 2743; x_wconf 88' lang='grc'><strong><em>583),</em></strong></span> <span class='ocrx_word' id='word_1_639' title='bbox 1667 2698 1737 2744; x_wconf 81' lang='grc' dir='ltr'><strong><em>άή-</em></strong></span> 
     </span>
     <span class='ocr_line' id='line_1_105' title="bbox 929 2724 1736 2800; baseline 0.004 -21"><span class='ocrx_word' id='word_1_640' title='bbox 929 2745 1010 2785; x_wconf 83' lang='grc' dir='ltr'><strong><em>θως</em></strong></span> <span class='ocrx_word' id='word_1_641' title='bbox 1039 2744 1206 2800; x_wconf 74' lang='grc' dir='ltr'><strong><em>ἔφραζεν,</em></strong></span> <span class='ocrx_word' id='word_1_642' title='bbox 1223 2763 1263 2769; x_wconf 89' lang='lat'><strong><em>——</em></strong></span> <span class='ocrx_word' id='word_1_643' title='bbox 1282 2743 1405 2789; x_wconf 86' lang='grc' dir='ltr'><strong><em>κόμη</em></strong></span> <span class='ocrx_word' id='word_1_644' title='bbox 1430 2741 1471 2779; x_wconf 85' lang='lat'><strong><em>63</em></strong></span> <span class='ocrx_word' id='word_1_645' title='bbox 1495 2724 1658 2788; x_wconf 72' lang='lat' dir='ltr'><strong>63v69mv</strong></span> <span class='ocrx_word' id='word_1_646' title='bbox 1681 2746 1736 2782; x_wconf 88' lang='grc' dir='ltr'><strong><em>λέ-</em></strong></span> 
     </span>
     <span class='ocr_line' id='line_1_106' title="bbox 928 2789 1736 2836; baseline 0.004 -11"><span class='ocrx_word' id='word_1_647' title='bbox 928 2803 1027 2834; x_wconf 77' lang='grc' dir='ltr'><strong><em>γεται</em></strong></span> <span class='ocrx_word' id='word_1_648' title='bbox 1062 2790 1109 2825; x_wconf 79' lang='grc' dir='ltr'><strong><em>τὰ</em></strong></span> <span class='ocrx_word' id='word_1_649' title='bbox 1137 2789 1258 2836; x_wconf 83' lang='grc' dir='ltr'><strong><em>φύλλα</em></strong></span> <span class='ocrx_word' id='word_1_650' title='bbox 1281 2803 1342 2832; x_wconf 87' lang='grc' dir='ltr'><strong><em>τε,</em></strong></span> <span class='ocrx_word' id='word_1_651' title='bbox 1375 2790 1438 2826; x_wconf 79' lang='grc' dir='ltr'><strong><em>καὶ</em></strong></span> <span class='ocrx_word' id='word_1_652' title='bbox 1470 2790 1507 2826; x_wconf 74' lang='grc' dir='ltr'><strong><em>οὶ</em></strong></span> <span class='ocrx_word' id='word_1_653' title='bbox 1539 2792 1664 2828; x_wconf 79' lang='grc' dir='ltr'><strong><em>λεπτοὶ</em></strong></span> <span class='ocrx_word' id='word_1_654' title='bbox 1695 2791 1736 2828; x_wconf 82' lang='lat'><strong><em>63</em></strong></span> 
     </span>
     <span class='ocr_line' id='line_1_107' title="bbox 927 2835 1736 2894; baseline 0.004 -23"><span class='ocrx_word' id='word_1_655' title='bbox 927 2838 1034 2872; x_wconf 82' lang='grc' dir='ltr'><strong><em>κλαδί</em></strong></span> <span class='ocrx_word' id='word_1_656' title='bbox 1023 2849 1128 2879; x_wconf 79' lang='grc' dir='ltr'><strong><em>’σκοι,</em></strong></span> <span class='ocrx_word' id='word_1_657' title='bbox 1155 2837 1218 2872; x_wconf 85' lang='grc' dir='ltr'><strong><em>δια</em></strong></span> <span class='ocrx_word' id='word_1_658' title='bbox 1237 2835 1279 2872; x_wconf 87' lang='grc' dir='ltr'>τὸ</span> <span class='ocrx_word' id='word_1_659' title='bbox 1305 2838 1357 2878; x_wconf 85' lang='grc' dir='ltr'><strong><em>εἰς</em></strong></span> <span class='ocrx_word' id='word_1_660' title='bbox 1368 2836 1512 2882; x_wconf 82' lang='grc' dir='ltr'><strong><em>κόσμον</em></strong></span> <span class='ocrx_word' id='word_1_661' title='bbox 1534 2835 1736 2894; x_wconf 76' lang='grc' dir='ltr'><strong><em>ἅπαιωρεῖ-</em></strong></span> 
     </span>
     <span class='ocr_line' id='line_1_108' title="bbox 928 2881 1735 2930; baseline 0.002 -11"><span class='ocrx_word' id='word_1_662' title='bbox 928 2885 1020 2919; x_wconf 84' lang='grc' dir='ltr'><strong><em>σθαι</em></strong></span> <span class='ocrx_word' id='word_1_663' title='bbox 1041 2884 1102 2919; x_wconf 81' lang='grc' dir='ltr'><strong><em>καὶ</em></strong></span> <span class='ocrx_word' id='word_1_664' title='bbox 1129 2897 1227 2919; x_wconf 89' lang='grc' dir='ltr'><strong><em>αυτα</em></strong></span> <span class='ocrx_word' id='word_1_665' title='bbox 1248 2886 1327 2923; x_wconf 84' lang='grc' dir='ltr'><strong><em>τοῖς</em></strong></span> <span class='ocrx_word' id='word_1_666' title='bbox 1351 2886 1505 2927; x_wconf 87' lang='grc' dir='ltr'><strong><em>φυτοῖς,</em></strong></span> <span class='ocrx_word' id='word_1_667' title='bbox 1529 2881 1667 2928; x_wconf 85' lang='grc' dir='ltr'><strong><em>ὁμοίως</em></strong></span> <span class='ocrx_word' id='word_1_668' title='bbox 1688 2887 1735 2930; x_wconf 86' lang='grc' dir='ltr'><strong><em>τῇ</em></strong></span> 
     </span>
     <span class='ocr_line' id='line_1_109' title="bbox 926 2927 1734 2986; baseline 0.004 -22"><span class='ocrx_word' id='word_1_669' title='bbox 926 2932 1064 2973; x_wconf 85' lang='grc' dir='ltr'><strong><em>κυρίως</em></strong></span> <span class='ocrx_word' id='word_1_670' title='bbox 1086 2929 1202 2986; x_wconf 85' lang='grc' dir='ltr'><strong><em>κόμῃ·</em></strong></span> <span class='ocrx_word' id='word_1_671' title='bbox 1237 2929 1274 2964; x_wconf 75' lang='grc' dir='ltr'><strong><em>οἱ</em></strong></span> <span class='ocrx_word' id='word_1_672' title='bbox 1306 2927 1347 2964; x_wconf 84' lang='lat'><strong><em>63</em></strong></span> <span class='ocrx_word' id='word_1_673' title='bbox 1375 2930 1554 2975; x_wconf 77' lang='grc' dir='ltr'><strong><em>Τραγικοὶ</em></strong></span> <span class='ocrx_word' id='word_1_674' title='bbox 1576 2932 1638 2967; x_wconf 82' lang='grc' dir='ltr'><strong><em>καὶ</em></strong></span> <span class='ocrx_word' id='word_1_675' title='bbox 1663 2931 1734 2975; x_wconf 84' lang='grc' dir='ltr'><strong><em>φό-</em></strong></span> 
     </span>
     <span class='ocr_line' id='line_1_110' title="bbox 925 2973 1732 3023; baseline 0.002 -11"><span class='ocrx_word' id='word_1_676' title='bbox 925 2977 997 3023; x_wconf 83' lang='grc' dir='ltr'><strong><em>βην</em></strong></span> <span class='ocrx_word' id='word_1_677' title='bbox 1022 2976 1141 3023; x_wconf 73' lang='grc' dir='ltr'><strong><em>αὐτὴν</em></strong></span> <span class='ocrx_word' id='word_1_678' title='bbox 1165 2981 1293 3021; x_wconf 72' lang='grc' dir='ltr'><strong><em>εἷπον,</em></strong></span> <span class='ocrx_word' id='word_1_679' title='bbox 1323 2973 1406 3013; x_wconf 81' lang='grc' dir='ltr'><strong><em>οἷον</em></strong></span> <span class='ocrx_word' id='word_1_680' title='bbox 1427 2978 1590 3014; x_wconf 77' lang='grc' dir='ltr'><strong><em>πᾶσαν</em></strong></span> <span class='ocrx_word' id='word_1_681' title='bbox 1614 2978 1732 3014; x_wconf 81' lang='grc' dir='ltr'><strong><em>αἰκί-</em></strong></span> 
     </span>
    </p>
   </div>
  </div>
 </body>
</html>
