1821 3288
115 124 200 201 1622

744 117 1145 174 OMHPQP

287 228 387 275 οἷον
416 228 495 275 ἀπ’
525 227 800 301 ἀνθρώπων,
826 228 906 281 οὓς
935 229 1139 301 ἔτρεφες,
1161 228 1204 272 εἴ
1228 244 1306 274 κεν
1330 228 1550 276 Ἀπόλλων

176 290 260 338 365
287 287 396 346 ἡμῖν
414 287 602 346 ἱλήκῃσι
629 288 704 333 καὶ
733 285 952 331 ἀθάνατοι
981 287 1082 331 θεοὶ
1111 286 1277 331 ἄλλοι“

513 403 613 437 quem
637 390 731 425 vitae
754 389 928 423 timentem
951 389 1179 425 Telemachus
1204 389 1394 426 confirmat.

356 458 443 511 Ὣς

472 458 641 530 φοέσαν·
673 455 811 510 αύταρ
842 455 867 500 6
896 461 1006 512 θῆκε
1035 459 1186 514 φέρων
1214 457 1335 518 αὐτῷ’
1361 457 1428 502 ἐνὶ
1454 457 1608 517 χώρῳ,

291 476 505 568 δείσας,φ
493 515 656 560 οὕνεκα
682 513 839 558 πολλοὶ
867 513 1081 585 ὁμόκλεον
1111 515 1158 558 ἐν
1187 505 1428 586 μεγάροισι.

296 574 545 644 Τηλέμαχος
574 570 617 616 δ’
651 571 865 625 ἑτέρωθεν
896 569 1134 642 ἀπειλήσας
1156 571 1380 642 ἐγεγώνει·

370 630 540 682 ,ζἈττα,
571 627 721 683 πρόσω
752 627 858 682 φέρε
886 626 990 680 τόξα
1009 625 1134 698 (τάχ’
1165 627 1247 671 οὐκ
1276 632 1324 672 εὐ
1353 632 1462 672 πᾶσι
1489 626 1728 685 πιθήσεις),

179 694 263 736 370
292 686 352 754 μή
383 697 453 738 σε,
482 685 557 730 καὶ
588 684 822 739 ὁπλότερός
851 700 931 740 περ
962 683 1069 738 ἐων,
1101 683 1288 739 ἀγρόνδε
1319 687 1502 742 δίωμαι,

292 743 467 812 βάλλων
495 743 788 812 χερμαδίοισι·
820 742 951 812 βίηφι
982 741 1028 786 δὲ
1058 741 1265 812 φέρτερός
1293 743 1392 794 εἰμι.

295 802 342 844 αἱ
369 815 462 870 γαρ
486 798 665 843 πάντων
693 797 877 849 τόσσον,
909 797 1005 842 ὅσοι
1033 797 1144 841 κατὰ
1180 796 1344 853 δώματ’
1375 798 1490 851 ἔασι,

294 855 560 926 μνηστήρων
589 857 736 912 χερσίν
764 872 808 899 τε
835 856 986 927 βίῃφί
992 871 1037 898 τε
1071 853 1283 911 φέρτερος
1313 857 1427 925 εἴην,

293 917 354 984 τῷ
385 929 433 956 κε
462 913 571 970 τάχα
601 916 819 968 στυγερῶς
852 911 939 955 τιν’
969 911 1053 982 ἐγω
1085 912 1299 980 πέμψαιμι
1331 912 1511 956 νέεσθαι

183 973 267 1018 375
295 969 510 1028 ἡμετέρου
538 971 582 1023 ἐξ
612 971 758 1022 οἴκου,
788 969 878 1013 ἐπεὶ
907 968 1022 1013 κακοὶ
1053 967 1401 1026 μηχανόωνται“

283 1064 285 1066 ’
344 1073 455 1109 tradit
477 1073 650 1107 Eumaeus
675 1071 809 1107 domiuo
835 1085 949 1107 arcum

984 1076 1020 1107 et
1049 1072 1215 1117 sagittam
1248 1075 1318 1106 tum
1352 1070 1556 1114 Eurycleam
1589 1071 1684 1104 fores
1717 1081 1784 1116 gy·
1820 1078 1821 1081 ’

265 1121 387 1157 naecei
410 1119 572 1154 claudere
596 1124 632 1153 et
657 1120 815 1153 mulieres
839 1120 931 1155 domi
956 1119 1133 1154 continere
1153 1120 1270 1164 jubet,
1295 1117 1461 1163 quidquid
1486 1116 1672 1151 audierint.

363 1186 454 1238 “5219
484 1185 645 1242 ἔφαθ’·

679 1188 722 1230 οἱ
763 1185 809 1231 δ’
838 1185 923 1240 ἄρα
950 1202 1108 1237 παντες
1137 1185 1206 1229 ἐπ’
1239 1184 1358 1242 αύτῷ
1386 1184 1474 1242 ηδύ
1503 1184 1730 1242 γέλασσαν,

298 1247 566 1314 μνηστῆρες,
594 1243 668 1288 καὶ
698 1244 752 1299 δὴ
779 1246 930 1299 μεθίεν
941 1248 1163 1313 χαλεποῖο
1194 1230 1342 1298 χόλοιο

303 1300 472 1356 Τηλεμ’
448 1317 563 1372 αχῳ.

607 1299 659 1342 τὰ
689 1301 735 1344 δε
763 1301 866 1352 τόξα
897 1300 1046 1355 φέρων
1077 1299 1161 1342 ἀνὰ
1196 1302 1321 1354 δωμα
1351 1297 1551 1368 συβωτης

298 1358 346 1401 ἐν
377 1354 563 1413 χείρεσσ’
590 1356 773 1426 Ὀδυσῆϊ
800 1359 1014 1413 δαΐφρονι
1041 1360 1153 1412 θῆκε
1181 1355 1429 1408 παραστας,

186 1420 273 1461 380
304 1414 354 1458 ἐκ
384 1415 430 1458 δὲ
459 1413 781 1469 καλεσσαμενος
808 1414 1009 1486 προσέφη
1037 1411 1210 1468 τροφὸν
1239 1411 1541 1466 Εὐρύκλειαν·

379 1471 663 1527 ,,Τηλέμαχος
691 1471 856 1514 κέλεταί
886 1481 933 1514 σε
943 1502 954 1523 ,

131 1584 305 1631 scrlptura
346 1597 402 1619 τα
392 1581 451 1629 χ’
487 1597 568 1625 av,
614 1586 731 1628 aptum
766 1594 850 1617 vero
883 1597 943 1625 αν,

132 1643 219 1677 quas
250 1631 392 1666 voculas
426 1629 562 1664 librarii
590 1629 684 1663 haud
717 1640 794 1663 raro
819 1629 943 1672 permi-

131 1682 306 1713 scuerunt.
352 1689 385 1711 v.
421 1677 565 1710 Porson.
598 1674 770 1709 indicibus
794 1676 944 1709 Orestae

134 1729 171 1758 et
205 1722 488 1763 Phoenissarum,
528 1732 589 1755 nos
629 1733 706 1755 ann.
746 1720 789 1754 ad
833 1721 942 1764 Soph.

133 1769 281 1804 Philoct.
310 1771 387 1804 166.
401 1794 410 1810 ,
446 1772 481 1802 et
516 1767 559 1801 de
592 1778 654 1800 usu
681 1763 727 1802 ὃίν
752 1766 943 1811 particulae

134 1816 169 1850 h
193 1815 216 1848 l
251 1813 299 1855 α’,
331 1816 412 1851 316.
448 1833 494 1840 ——-
534 1810 610 1857 ἐφ’
649 1810 810 1853 ύεσσι,
849 1813 943 1857 apud

135 1873 224 1897 sues.
280 1861 411 1895 intella
453 1872 476 1894 a
505 1861 601 1893 nobis
632 1858 864 1902 intersectum.
902 1878 945 1884 -—

135 1907 277 1948 κύνες
316 1920 347 1941 τ.
369 1907 675 1941 κατέδονται.
724 1916 757 1940 V.
783 1905 820 1938 11.
847 1904 893 1944 α’,
924 1903 947 1938 4

141 1958 208 1988 etc.
237 1972 283 1978 -
318 1965 404 1994 ους
439 1951 636 1997 ἔτρεφες
669 1949 771 1991 σύας.
821 1951 947 1996 h3per-

137 2001 263 2042 baton,
288 1999 377 2034 irato
402 2005 531 2045 aptum.
558 2018 601 2024 —
627 1996 846 2042 ἱλήκῃσι,
868 2008 948 2040 pro·

137 2047 247 2100 pitius
266 2045 324 2079 sit.
370 2046 434 2079 hoc
467 2043 689 2089 praeteritum
714 2043 851 2076 videtur
876 2043 949 2076 Eu-

141 2091 294 2133 stath303
327 2091 386 2124 sed
421 2090 629 2124 Schneidero
666 2100 830 2143 praesens
867 2100 949 2122 con-

137 2137 287 2183 junctim
310 2137 353 2170 ab
379 2136 509 2181 ἱλήκοι),
534 2136 588 2169 cui
613 2135 795 2171 assentior.

187 2182 404 2219 366-377,
452 2184 593 2228 θῆκε,
618 2180 819 2225 κατέθηκε,
846 2181 951 2225 depo-

143 2230 211 2264 suit
234 2229 309 2273 ipso
343 2227 378 2262 in
408 2228 480 2262 loco
514 2229 593 2267 illo,
624 2239 721 2272 quem
745 2227 950 2261 transiturus

144 2280 241 2315 erat,
266 2279 306 2308 ut
330 2275 473 2308 afferret
496 2274 631 2328 Ulyssi
639 2284 754 2307 arcum
779 2278 814 2307 et
837 2273 950 2317 sagit-

145 2326 211 2355 tas.
236 2339 280 2344 —
317 2319 405 2356 οὐκ
430 2333 502 2363 ευ,
531 2319 671 2360 κακῶς,
704 2325 764 2352 tuo
790 2318 950 2373 periculo.

146 2363 264 2401 Ε·τό
274 2348 513 2415 ὃμοκλεῖ;
538 2367 672 2421 δηλῶν
672 2362 846 2410 “Ομηρος
865 2360 951 2399 ταύ-

146 2412 213 2448 τὸν
253 2416 349 2446 εἰναι
380 2425 430 2459 τω
466 2412 627 2447 ἀπειλεῖν
662 2409 733 2456 ἔφη
777 2409 952 2446 πολλοὶ

150 2455 304 2503 ωμοκλ
317 2470 413 2494 εον
451 2457 529 2493 εἶτα
558 2457 776 2513 Τηλεμάχου
804 2455 954 2500 ἀπειλή-

149 2517 282 2546 σαντος
295 2505 475 2561 (pessime
508 2505 612 2538 liber·
646 2502 870 2547 ἀπειλήσας)
909 2502 952 2538 τὸ

153 2549 237 2586 ουίι
261 2545 309 2586 εὖ
332 2553 450 2586 πᾶσι
480 2553 585 2585 πιθ·
619 2550 889 2593 παροιμιῶδες,
921 2562 952 2583 κ.

153 2596 212 2633 ἐπὶ
237 2594 302 2640 ἆρε
296 2595 413 2638 ’σκου,
442 2611 475 2632 κ.
506 2599 620 2631 πᾶσιν
644 2596 838 2637 ἐθέλοντος
859 2594 955 2630 πάν-

152 2656 199 2679 τα
230 2646 443 2678 πείθεσθαι.
469 2662 515 2667 -—·
551 2641 833 2687 ὁπλότερος,
867 2655 957 2676 νεω-

152 2701 269 2731 τερος.
316 2689 356 2722 ll.
388 2688 430 2734 γ’,
464 2691 540 2723 108.
572 2708 617 2713 —-
664 2689 718 2722 E:
746 2690 957 2745 δίωμαι,

155 2733 286 2777 διώξω.
311 2756 357 2761 --
379 2735 422 2770 τὸ
445 2732 484 2768 δε
509 2734 630 2768 αἴτιον
651 2733 778 2775 αὐτοῖς
801 2736 869 2769 τοῦ
891 2747 957 2779 γε-

157 2781 260 2828 λᾷν,
295 2779 373 2815 ἐπεὶ
404 2779 489 2815 οὔτε
524 2786 573 2820 ως
606 2778 786 2824 δεσπότης
809 2780 957 2816 ἐπιτάσ-

157 2839 234 2863 σειν
268 2824 345 2861 εἷπε
382 2827 432 2872 τῷ
468 2825 612 2883 δονλῳ,
666 2825 758 2862 ἄλλοι
798 2840 847 2867 ως
879 2828 957 2872 βίῃ

159 2872 401 2929 φέρτερος,
433 2873 493 2906 καὶ
527 2870 615 2908 οὐδε
646 2873 781 2909 δοῦλον
811 2876 957 2915 προσεῖ-

159 2930 223 2955 πε
255 2917 297 2952 τὸ
322 2932 391 2961 γαρ
424 2932 540 2953 αττα
573 2915 639 2962 (π’,
662 2921 706 2954 31
733 2920 820 2973 etc)
853 2917 960 2964 δεδή-

159 2970 270 3000 λωται
291 2963 488 3010 ἀδελφικὸν
508 2964 562 3009 (Υ)
585 2963 682 3002 εἶναι
700 2963 958 3012 πρόσφθεγμα.

989 1471 1220 1525 περίφρων
1242 1468 1492 1525 Εὐρύκλεια
1503 1499 1516 1522 ,

989 1582 1051 1617 καὶ
1073 1579 1099 1638 ἡ
1125 1581 1190 1618 δια
1223 1580 1480 1639 χερμαδων
1503 1577 1543 1616 65
1567 1575 1687 1635 βολὴ
1708 1591 1804 1637 nmo!

991 1627 1190 1688 δικώτερρν
1237 1627 1438 1674 η’πείληται.
1499 1625 1709 1671 ὡμολόγησε
1753 1619 1800 1662 δε

989 1675 1052 1710 καὶ
1075 1674 1116 1711 τὸ
1142 1674 1293 1710 ἔλαττον
1314 1677 1515 1732 φέρεσθαι
1528 1686 1602 1708 των
1635 1671 1796 1727 μνηστή-

990 1733 1077 1777 ρων.
1118 1735 1236 1756 ταυτα
1263 1720 1303 1756 65
1328 1721 1463 1762 πάντα,
1489 1734 1536 1762 ως
1559 1717 1693 1764 α’φελῆ,
1711 1720 1804 1763 γλυ-’

988 1769 1077 1808 κε’ως
1116 1765 1420 1813 ε’πιτετηδευμένα
1463 1768 1516 1809 εἰς
1546 1765 1684 1811 γέλωτα
1718 1768 1797 1821 τοῖς

988 1814 1191 1858 μνηστῆρσι
1227 1815 1295 1849 τόν
1335 1816 1442 1859 χόλον
1480 1812 1717 1869 μετ-ἔτρεψεν,
1756 1823 1801 1853 ος

994 1859 1041 1905 δὴ
1066 1859 1176 1916 γέλως
1206 1874 1318 1916 παρα
1342 1863 1393 1896 τῶ
1424 1861 1561 1906 ποιητῇ
1591 1858 1692 1900 λύσις
1721 1855 1797 1895 ἐστὶ

993 1906 1055 1942 καὶ
1081 1905 1193 1948 αὐτὸς
1225 1898 1394 1967 μεγάλων
1424 1922 1457 1944 κ.
1484 1903 1675 1942 δυσλύτων
1697 1917 1798 1962 περι·

994 1955 1170 1995 πετειῶν,
1211 1953 1260 1994 ὡς
1301 1955 1364 1990 καὶ
1404 1952 1426 1998 ἡ
1462 1950 1567 1993 Ἰλιὰς
1607 1951 1721 1995 (velut
1752 1948 1800 1993 α’,

994 2001 1080 2044 599)
1105 1998 1296 2042 ἐδήλωσεν.
1322 2021 1366 2026 —-
1399 2001 1588 2044 μεθίεν,
1621 1999 1811 2040 μεθίεσαν

993 2046 1055 2080 καὶ
1080 2044 1259 2091 ἠμέλουν,
1281 2051 1319 2079 ut
1344 2047 1376 2080 E
1400 2047 1570 2100 explicat,
1603 2052 1800 2098 comparans,

994 2092 1080 2126 haec
1103 2098 1139 2127 et
1163 2093 1266 2126 multa
1299 2092 1442 2134 similia,
1474 2090 1640 2136 τράφεν,
1666 2089 1800 2135 κόσμης-

994 2140 1076 2173 θεν.
1125 2150 1160 2172 V.
1185 2137 1229 2179 δ’,
1253 2140 1344 2181 723,
1372 2139 1409 2172 11.
1433 2135 1535 2182 y,1.

1041 2185 1121 2219 381.
1170 2185 1269 2218 abest
1301 2185 1357 2218 hic
1380 2195 1502 2217 versus
1528 2184 1570 2217 ab
1596 2182 1635 2217 A.
1658 2183 1714 2226 2.,
1752 2182 1775 2216 3
1804 2213 1805 2216 ,

996 2229 1074 2264 edd.
1111 2230 1205 2263 Flor.
1237 2235 1272 2263 et
1310 2229 1462 2270 Amnis,
1504 2229 1700 2272 neglectus,
1703 2202 1799 2268 nis-³

995 2276 1109 2318 fallor,
1155 2282 1298 2321 propter
1330 2276 1621 2310 homoeoteleuton
1662 2279 1800 2319 antece*

996 2322 1122 2356 dentis.
1145 2333 1219 2355 nam
1243 2321 1444 2366 simpliciter
1475 2322 1540 2355 hoc
1573 2320 1650 2354 fieri
1680 2309 1811 2394 juberi*

996 2368 1205 2410 Eumaeum,
1229 2379 1292 2401 nec
1311 2369 1409 2411 jussu
1434 2366 1582 2407 domini,
1607 2378 1670 2400 nec
1695 2376 1784 2399 nomn·

998 2425 1042 2447 ne
1068 2414 1241 2459 appellata
1277 2413 1469 2457 Euryclea,
1502 2391 1700 2466 arr6gautiq
1728 2398 1804 2466 estil

999 2463 1034 2494 et
1057 2471 1077 2493 a
1101 2471 1194 2494 more
1218 2460 1398 2493 Homerico
1423 2460 1595 2493 abhorret.
1628 2457 1804 2501 accipfiunt-

1000 2510 1132 2547 autem,
1181 2506 1306 2549 quibus
1342 2504 1378 2538 id
1423 2506 1559 2549 placet,
1597 2503 1800 2537 infinitivum

999 2562 1098 2585 sensu
1141 2550 1346 2595 imperativl.
1404 2551 1462 2605 qui
1502 2550 1591 2595 quod
1624 2549 1771 2593 oinciun

1002 2609 1068 2630 non
1092 2597 1330 2630 Telemachum
1363 2595 1398 2629 id
1428 2596 1486 2641 jus
1489 2598 1574 2629 sisse
1607 2597 1708 2638 235,
1740 2553 1800 2648 se?

1001 2643 1179 2697 Ulyssem
1213 2654 1278 2676 non
1315 2643 1400 2676 male
1436 2643 1487 2676 E=
1525 2639 1594 2677 ούκ
1620 2620 1802 2697 o'thpflev'q

1002 2688 1068 2733 μὲν
1102 2686 1122 2722 ὁ
1156 2687 1342 2731 Εὔμαιος,
1376 2688 1507 2732 inquit,
1539 2684 1672 2727 zlncssv,
1708 2699 1757 2726 (ος
1778 2697 1799 2721 ο

1002 2721 1216 2779 Τηλέμαχος
1239 2732 1335 2769 οὕτω
1368 2733 1523 2774 κελεύει,
1540 2732 1645 2789 πλήν
1670 2745 1719 2772 ως
1741 2737 1802 2767 πεὸ

1001 2781 1184 2824 πνυμένος
1207 2782 1387 2823 ψεύδεται
1406 2780 1468 2815 καὶ
1501 2776 1613 2818 αύτός
1649 2779 1739 2822 (scil.
1764 2776 1800 2828 1ιῇ

1002 2827 1078 2872 ipse
1103 2828 1349 2865 Telemachus,
1385 2828 1442 2871 qui
1476 2825 1557 2858 ficte
1589 2825 1683 2880 loqui
1708 2824 1802 2857 videa

1000 2878 1056 2907 tur
1081 2873 1266 2908 Eustathio
1290 2875 1411 2909 369-
1408 2872 1523 2926 375).
1571 2868 1615 2904 οὐ
1639 2869 1708 2914 γὰρ
1731 2869 1802 2924 ἔδει

1002 2918 1151 2960 πάντως
1175 2921 1303 2959 εἰπεῖν,
1326 2917 1385 2953 ὅτι
1408 2914 1489 2952 Ὀδ.
1515 2915 1656 2952 κέλεταί
1678 2928 1714 2951 σε
1737 2912 1802 2949 τώ.-

1005 2965 1045 3002 δε
1078 2965 1249 3016 ποιῆσαι·
1290 2962 1337 3003 οὐ
1375 2960 1444 3011 γὰρ
1475 2958 1556 3001 οἶδε
1589 2963 1655 2999 τὸν
1688 2956 1803 3009 αύτῆι
