1821 3288
94 107 178 150 176

711 103 1115 150 ΟΜΗΡΟΥ

262 215 336 259 καὶ
364 214 554 285 πίσυρας
582 214 740 267 κυνέας
767 214 1025 287 χαλκήρεας
1036 216 1339 288 ιπποδασείας·

261 275 319 341 βῆ
346 271 391 340 δὲ
422 273 598 341 φέρων,
614 272 727 327 μάλα
757 271 800 315 δ’
832 276 925 315 ὠκα
955 275 1088 327 φίλον
1112 273 1268 326 πατέρ’
1299 274 1591 343 εἰσαφίκανεν.

261 328 396 378 αὐτὸς
426 330 472 372 δὲ
502 327 722 384 πρώτιστα
751 329 848 382 περὶ
882 331 984 383 χροῒ
1012 328 1168 373 δύσετο
1203 329 1386 386 χαλκόν·

261 384 320 435 ὡς
351 383 393 428 δ’
426 383 569 437 αύτως
602 387 661 429 τώ
694 388 808 439 δμῶε
839 386 1031 442 δυέσθην
1059 387 1207 442 τεύχεα
1234 387 1361 437 καλοὶ,

150 443 229 487 115
260 442 390 486 ἔσταν
420 441 462 486 δ’
494 441 611 499 ἀμφ’
637 441 830 498 Ὀδυσῆα
859 444 1095 498 δαΐφρονα,
1124 445 1452 501 ποικιλομήτην

308 545 425 592 pergit
448 545 593 591 Ulysses
617 543 807 590 sagittare,
832 543 940 578 donec
966 545 1130 590 pharetra
1154 545 1319 581 exhausta
1343 552 1418 589 est;
1450 552 1520 584 tum
1543 549 1654 587 hastis
1677 563 1749 587 rem

227 592 331 638 gerit.

337 658 490 712 Αὐτὰρ
522 657 610 729 ὅγ’,
643 655 765 727 όφρα
794 657 875 728 μὲν
907 655 1028 729 αύτῷ
1041 656 1302 716 ἀμύνεσθαι
1334 661 1439 705 ἔσαν
1467 664 1542 718 ἰοὶ,

257 716 404 770 τόφρα
435 714 696 786 μνηστήρων
726 713 802 757 ἕνα
829 712 874 786 γ’
907 715 990 758 αἰεὶ
1021 732 1055 771 ῳ
1086 716 1150 759 ε’νὶ
1181 718 1288 772 οἴκῳ

261 773 392 844 βάλλε
421 774 752 828 τιτυσκόμενος·
782 773 850 814 τοὶ
880 771 923 814 δ’
955 770 1195 827 ἀγχιστῖνοι
1224 773 1417 818 ἔπιπτον.

259 828 401 885 αύτοῖρ
425 829 516 873 ἐπεὶ
545 832 672 873 λίπον
702 828 763 872 ιὀὶ
794 827 1048 872 ὀϊστεύοντα
1078 829 1259 879 ἄνακτα,

147 892 227 933 120
258 888 389 938 τόξον
422 886 501 941 μὲν
529 885 640 940 πρός
671 885 869 939 σταθμὸν
899 882 1133 937 ἐυσταθέος
1162 902 1370 941 μεγαροιο

256 943 391 987 ἔκλιν’
423 943 676 1015 ἑστάμεναι,
695 942 808 996 πρός
837 940 1003 985 ἐνώπια
1031 943 1377 1013 παμφανόωντα,

257 999 390 1052 αὐτὸς
421 999 465 1043 δ’
493 999 608 1071 Ίἀμφ’
640 998 798 1053 ὤμοισι
829 999 965 1050 σάκος
993 999 1097 1043 θέτο
1129 1000 1498 1056 τετραθέλυμνον,

255 1058 383 1110 κρατὶ
413 1056 455 1100 δ’
487 1056 556 1100 ἐπ’
588 1059 757 1112 ἰφθίμῳ
787 1055 947 1124 κυνέην
976 1055 1187 1100 εὔτυκτον
1216 1057 1387 1113 ἔθηκεν,

257 1131 481 1168 ιππουριν,
513 1114 660 1156 δεινὸν
693 1113 738 1155 δὲ
767 1111 906 1168 λόφος
935 1111 1219 1166 καθύπερθεν
1249 1114 1408 1166 ἔνευεν,

254 1173 391 1215 είλετο
423 1169 467 1214 δ’
501 1168 662 1225 α’λκιμα
692 1171 823 1223 δοῦρε
861 1169 952 1212 δύω
982 1170 1284 1226 κεκορυθμένα
1312 1173 1475 1229 χαλκῷ.

298 1278 431 1320 portam
456 1272 624 1317 quandam
648 1271 818 1306 scalarum
844 1271 988 1317 Ulysses
1013 1271 1196 1305 Eumaeum
1221 1273 1395 1307 custodire
1414 1274 1527 1318 jubet.

331 1339 582 1395 Ὀρσοθύρη
613 1338 659 1383 δέ
690 1357 756 1391 τις
787 1340 910 1383 ε’σκεν
940 1338 1139 1396 ἐϋδμήτῳ
1169 1339 1234 1383 ἐνὶ
1263 1341 1419 1410 τοίχῳ·

254 1397 501 1455 ακρότατον
530 1397 575 1440 δὲ
604 1395 713 1451 παρ’
745 1395 884 1440 οὐδὸν
914 1396 1150 1467 ἐϋσταθέος
1178 1396 1389 1457 μεγάροιο

252 1472 307 1522 ην
339 1453 444 1504 ὁδὸς
474 1454 515 1504 ές
545 1452 726 1509 λαύρην,
758 1455 929 1502 σανίδες
961 1451 1005 1521 δ’
1036 1453 1134 1507 ἕχον
1164 1458 1212 1495 εὐ
1244 1453 1466 1508 ἀραρυῖαι.

251 1512 332 1566 τήν
364 1509 405 1580 6²
435 1510 643 1560 Ὀδυσεύς
673 1508 926 1581 φράζεσθαι
953 1508 1117 1563 ἀνώγει
1147 1511 1246 1552 δῖον
1274 1509 1499 1565 ὑφορβὸν,

143 1575 221 1616 130
253 1565 423 1611 ἑσταότ’
457 1565 553 1621 ἄγχ’
587 1564 743 1622 αὐτῆς·
775 1583 852 1620 μια
883 1562 926 1609 δ’
963 1567 1034 1620 οιή
1063 1565 1224 1620 γίγνετ’
1257 1567 1439 1622 ἐφορμή.

251 1630 343 1676 τοῖς
376 1622 420 1668 6'
445 1622 645 1678 Ἀγέλεως
675 1622 917 1679 μετέειπεν,
947 1621 1050 1673 ἔπος
1077 1621 1288 1667 παντεσσι
1316 1622 1601 1679 πιφαύσκων·

79 1798 158 1839 229,
182 1794 226 1843 β’,
252 1798 322 1832 690
345 1796 413 1828 etc.
438 1793 479 1830 A.
503 1795 548 1835 2„
573 1794 606 1828 3.
631 1797 667 1827 et
691 1792 767 1827 alii:
800 1793 888 1828 εἵλε-

78 1858 142 1885 το,
176 1842 304 1877 ut125
332 1846 397 1874 etc.
433 1859 477 1864 —
511 1841 734 1882 πίσυρας.
778 1838 818 1882 ε’,
843 1842 888 1874 70

79 1897 145 1925 etc.
181 1909 226 1914 ——
257 1884 539 1933 χαλκήρεας.
574 1886 621 1928 α’,
656 1888 744 1929 262,
779 1886 819 1920 Il.
844 1884 887 1940 γ’,

78 1938 147 1972 316
181 1941 247 1971 etc.
293 1953 339 1959 —
382 1933 720 1973 ἱπποδασείας.
764 1933 802 1966 ΙΙ.
843 1929 887 1976 γ’,

79 1985 147 2020 369
179 1988 243 2016 etc.
278 1980 414 2014 notabis
445 1979 738 2013 homoeoteleuton
771 1978 793 2013 4
825 1991 887 2012 vo-

81 2041 155 2064 cum
180 2028 428 2066 continuarum,
451 2026 514 2059 sed
532 2026 693 2058 diversae
710 2024 887 2070 quantita·-

80 2077 137 2110 tis.
161 2070 484 2115 -πρώτιστα,
508 2071 538 2115 γ’
542 2073 620 2110 ,57
646 2079 712 2106 etc.
738 2082 884 2104 -πε-

79 2123 124 2168 ρὶ
157 2134 187 2164 χ.
220 2120 400 2155 δύσετο.
431 2118 514 2151 mire
540 2117 578 2150 11.
604 2115 645 2158 λ’,
672 2120 771 2152 100.=
807 2115 886 2151 ἐπεὶ

75 2169 249 2210 περίδυσε
271 2177 449 2209 χιτωνας,
474 2175 534 2207 pro
565 2161 757 2206 &mihera
784 2168 822 2196 ut
847 2175 885 2196 a-

73 2216 163 2267 junt.
189 2213 250 2248 sed
277 2223 341 2254 ego
366 2209 575 2250 incredulus,
601 2209 727 2254 vixque
748 2188 884 2250 ’dubito,

76 2260 160 2306 quin
184 2257 373 2305 ponendum
397 2257 444 2290 sit
467 2256 550 2299 περὶ
574 2255 669 2290 λῦσε.
694 2274 739 2280 -
772 2254 885 2289 δαΐ-

77 2317 257 2352 φρονα,
282 2300 657 2358 ποικιλομήτην.
681 2300 726 2345 γ’,
752 2303 829 2336 163.

123 2351 317 2388 118—122.
336 2345 472 2384 τοὶδ’
492 2347 884 2402 ἀγχιστῖνοιαοη-

69 2399 177 2443 serti)
212 2396 427 2432 ἔπιπτον.
461 2392 514 2437 ω’,
543 2397 627 2435 180,
651 2393 740 2433 448,
774 2393 813 2426 ll.
839 2391 883 2437 ρ’,

75 2446 156 2480 361-
176 2462 221 2468 -·
244 2443 399 2483 λίπον,
424 2441 632 2481 defecerunt.
653 2460 697 2464 —
722 2440 885 2475 ἐυστα-

75 2492 220 2531 θέος,
244 2489 366 2532 firmi,
391 2486 503 2522 solidi.
533 2488 610 2527 127,
634 2487 715 2526 257,
741 2485 788 2525 ν’,
814 2487 882 2520 253

76 2545 142 2571 etc.
168 2555 211 2561 —
237 2533 592 2575 ε’νωπιαπαμφ.
618 2530 661 2572 δ’,
686 2511 742 2571 4⁹2,
769 2532 804 2565 11
830 2530 883 2574 θ’,

75 2582 155 2618 434.
179 2599 225 2606 —
251 2579 392 2620 σάκος
424 2577 622 2633 τέτραθ.
652 2557 696 2615 'IL
722 2576 764 2618 o',
790 2577 884 2620 479,

76 2629 134 2662 ubi
160 2628 256 2661 Sch..
281 2639 398 2684 τετρ.
422 2624 682 2667 τετράπτυχον,
707 2623 884 2666 τέσσαρας

75 2674 199 2714 θέσεις
224 2672 306 2717 ἕχον
331 2671 567 2715 ἐπαλλήλους.
593 2671 637 2705 cf.
655 2674 716 2715 Ap.
740 2682 796 2705 vv.
825 2683 883 2706 τε-

73 2719 334 2765 τραθέλυμνον
357 2723 392 2752 et
418 2716 585 2761 προθελτ’
587 2729 714 2760 μνονς.

122 2765 343 2807 123,24.11.
369 2761 412 2807 γ’,
435 2765 515 2803 336,
539 2765 596 2803 37,
619 2762 668 2803 π’,
695 2763 772 2804 135,
797 2764 855 2800 36.

121 2813 262 2847 125.11
287 2809 328 2851 λ’,
351 2809 408 2845 43.
433 2811 478 2844 cf
503 2810 542 2844 ΙΙ.
567 2807 614 2851 π’,
644 2810 718 2844 139.

122 2859 335 2894 126—133.
369 2856 418 2889 Ε·
448 2852 506 2891 ὅτι
539 2852 793 2911 ὀρσοθύρη
823 2851 880 2890 ἕν-

76 2904 204 2939 ταῦθα
226 2901 327 2944 παρὰ
358 2903 412 2946 τῷ
434 2903 574 2956 ποιητῇ
592 2901 698 2944 θύρα
726 2914 781 2958 τίς
804 2899 880 2936 ἐπί-

77 2962 211 2995 σημος,
243 2936 476 2994 ὑψηλοτέραν
499 2946 705 2995 πρόσβασιν
731 2946 878 2992 ἔχουσα,

935 1790 988 1829 εἰς
1009 1787 1055 1835 ἣν
1080 1789 1150 1836 οιῖχ
1174 1791 1256 1828 οἰόν
1275 1805 1314 1829 τε
1335 1787 1384 1838 ἦν
1407 1791 1579 1829 ἀνελθεῖν
1601 1806 1686 1828 τινα
1710 1794 1747 1829 εἰ

933 1835 985 1882 μὴ
1009 1838 1156 1879 (excidit
1180 1839 1246 1874 εἰ
1237 1852 1271 1873 ιιι
1291 1840 1389 1874 libris
1439 1845 1595 1886 ropter-
1607 1853 1631 1874 α
1650 1840 1746 1874 simi-

933 1883 985 1938 le,
1019 1884 1110 1928 quod
1134 1886 1332 1942 antecedit)
1360 1889 1424 1922 δια
1447 1889 1623 1929 κλίμακος
1646 1887 1745 1929 ἴσως,

933 1926 957 1972 ηΙ
984 1927 1097 1970 ἄλλως
1121 1944 1196 1971 πως
1229 1930 1489 1988 α’νοροὺσαντα
1511 1934 1571 1967 καὶ
1597 1931 1745 1967 οἷναθο-

934 1974 1048 2033 ρόντα
1081 1978 1132 2018 εἰς
1148 1975 1296 2034 αύτήν.
1329 1977 1422 2015 ὅθεν
1452 1979 1514 2014 καὶ
1532 1977 1744 2034 ὀρσοθύρη

933 2020 1116 2065 ἐκαλεῖτο,
1141 2021 1256 2067 ἤγουν
1279 2024 1403 2082 θύρα,
1437 2028 1490 2066 εἰς
1515 2020 1560 2067 ἣν
1589 2024 1744 2068 ὄρνυταί

932 2081 986 2109 τις
1010 2069 1131 2104 θέλων
1156 2071 1250 2105 [δεῖν
1275 2069 1429 2107 ἐκεῖθεν.
1470 2071 1493 2117 ἡ
1519 2070 1559 2106 δὲ
1583 2071 1741 2127 τοιαύτη

933 2114 1106 2156 σύνθεσις
1129 2117 1190 2151 καὶ
1213 2116 1280 2163 τήν
1301 2117 1493 2175 ὀρσύδραν
1517 2116 1741 2174 παρήγαγεν,

931 2159 1028 2216 σ’πὴν
1063 2161 1224 2219 ἐκείνην,
1246 2140 1310 2198 δι’
1354 2160 1398 2208 ἧς
1439 2163 1595 2220 ὄρνυται
1636 2162 1739 2208 ὕδωρ

931 2204 1049 2265 ὑψοῦ.
1074 2230 1118 2234 —
1144 2209 1250 2254 ε’φερε
1275 2208 1314 2244 δὲ
1346 2209 1369 2251 ἡ
1390 2211 1543 2254 τοιαύτη
1570 2207 1740 2268 όρσοθύ-
1787 2244 1795 2252 2

931 2267 976 2297 ρη
1003 2252 1211 2290 ἀνελθόντα
1246 2258 1299 2297 εἰς
1323 2256 1440 2302 αὐτην
1472 2257 1532 2294 ἐπὶ
1556 2257 1624 2297 τοὶς
1645 2256 1740 2314 μετὰ

930 2300 998 2335 τὸν
1038 2299 1232 2351 πρόδομον
1262 2301 1385 2346 θύρας
1415 2305 1481 2348 τῆς
1518 2301 1654 2348 αὐλῆς,
1695 2298 1740 2347 ἧς

929 2346 995 2387 τοὶς
1018 2341 1139 2388 πύλας
1160 2350 1280 2406 δεσμῷ
1310 2352 1344 2396 βι
1350 2351 1459 2396 βλίνῳ
1487 2351 1671 2391 Φιλοίτιος
1704 2348 1741 2385 ε’·

930 2393 1082 2450 πέδησε,
1116 2408 1147 2429 κ.
1174 2393 1233 2430 ἐπὶ
1257 2397 1459 2439 λαύραν,
1484 2395 1650 2432 τουτέστι
1667 2397 1740 2451 δη-

929 2443 1064 2483 μοσίαν
1088 2440 1285 2477 στενωπόν.
1328 2443 1498 2498 Hesyckm
1533 2441 1739 2486 ὀρσοθύρα,

928 2486 1032 2520 πᾶσα
1055 2486 1158 2530 θύρα
1187 2488 1236 2533 μὴ
1263 2488 1395 2546 ἔχουσα
1416 2487 1481 2524 τὸν
1493 2489 1654 2548 βαθμὸν
1678 2489 1739 2533 (Ιί-

929 2544 1018 2574 men,
1045 2533 1188 2576 aditum)
1214 2534 1306 2578 πρὸς
1328 2548 1372 2579 τη
1397 2535 1454 2580 γῇ,
1478 2532 1552 2570 ἀλλ’
1579 2533 1747 2592 ἆπέχου-”

931 2590 977 2613 σα
1001 2580 1068 2613 τοῦ
1092 2578 1277 2635 ἐδάφους,
1310 2580 1392 2616 οἷον
1415 2582 1549 2623 θυρὶς,
1579 2578 1606 2624 η“
1629 2582 1736 2624 θύρα

931 2626 983 2664 εἰς
1006 2621 1173 2671 ὑπερῷον
1197 2624 1398 2671 α’νοῖγουσα
1435 2629 1534 2672 paulo
1559 2629 1659 2662 aliter
1683 2631 1735 2661 A-

930 2671 1116 2726 pollonius,
1148 2685 1207 2706 seu
1235 2674 1348 2728 potius
1374 2674 1463 2718 apud
1488 2673 1578 2707 illum
1603 2674 1733 2718 Apion:

929 2715 1134 2762 ὀρσοθύρη,
1158 2719 1261 2774 θύρα
1280 2717 1422 2775 ύψηλη,
1445 2717 1492 2754 δι’
1514 2714 1556 2764 ἧς
1575 2718 1648 2754 ἐστι
1669 2733 1735 2753 κα-

928 2763 1193 2807 ταβαίνοντα
1179 2763 1201 2809 η’
1226 2762 1380 2801 οὲιιόντα
1405 2763 1577 2809 ὀροῦσαι,
1609 2763 1632 2800 ὅ
1657 2764 1733 2800 ἐστι

927 2811 1111 2854 πηδῆσαι,
1137 2812 1333 2870 (perperam
1357 2813 1464 2846 liber.
1489 2829 1534 2837 --
1555 2812 1734 2866 καταβαί-

926 2868 1057 2895 νοντος
1080 2855 1134 2896 ὀρ.
1146 2882 1156 2898 ,
1192 2857 1214 2892 ό
1245 2857 1340 2893 ἐστιν
1363 2859 1448 2902 πηδ.
1459 2883 1470 2899 ,
1504 2853 1528 2900 ἢ
1561 2855 1735 2897 ἀνιόντος

925 2903 1012 2946 πηδ.
1036 2903 1246 2937 scribendum
1267 2916 1343 2938 esse
1354 2917 1422 2940 κατ’
1436 2923 1482 2927 -—
1497 2915 1543 2937 τα
1565 2909 1599 2936 et
1625 2901 1672 2938 οἶν
1686 2909 1742 2928 --’

926 2961 995 2992 τα,
1032 2948 1200 2984 inteflexit
1226 2949 1378 2993 Vincis.)
1403 2947 1467 2984 δια
1499 2948 1540 2984 τό
1565 2947 1616 2995 μὴ
1641 2949 1734 2995 ἐχειν
