1821 3288
87 138 205 194 iffi

715 126 1152 189 ‘OMHPOT

288 275 350 310 ως
378 257 448 303 ὅτε
481 257 744 328 Πανδαρέου
773 256 938 310 κούρας
966 254 1178 301 ἀνέλοντο
1194 255 1420 306 θύελλαι]

288 319 390 385 τῇσι
417 319 576 371 τοκῆας
606 315 684 370 μὲν
713 319 884 370 φθῖσαν
912 314 1026 366 θεοὶ,
1057 315 1103 357 αἷ
1132 312 1173 357 δ’
1203 313 1405 357 ἐλίποντο

290 371 488 427 ὀρφαναὶ
517 373 563 415 έν
592 370 841 426 μεγάροισι
862 369 1042 425 κόμισσε
1072 370 1119 415 δὲ
1148 368 1207 414 δῖ’
1238 370 1476 426 Ἀφροδίτη

273 433 420 500 τυρῷ,
450 429 524 472 καὶ
552 431 688 482 μέλιτι
715 431 925 498 γλυκερῷ,
956 428 1029 470 καὶ
1057 427 1155 483 ἡδέϊ
1183 428 1314 484 οἴνῳ·

200 491 256 531 70
273 475 390 547 ᾟρη
424 486 466 529 δ’
497 485 683 541 αὐτῇσιν
711 484 811 537 περὶ
839 484 1015 526 πασέων
1046 486 1158 527 δῶκε
1186 486 1410 538 γυναικῶν

288 541 416 594 εἶδος,
447 545 521 585 καὶ
551 539 763 596 πινυτήν·
797 543 937 596 μῆκος
967 539 1012 582 δ’
1042 541 1157 592 ἔπορ’
1177 540 1378 596 ’Ἄρτεμις
1409 537 1544 596 ἁγνή·

284 599 391 660 ἔργα
421 599 465 642 δ’
490 597 699 653 Ἀθηναίη
731 596 858 640 δέδαε
887 595 1024 640 κλυτα
1055 596 1325 652 ἐργάζεσθαι.

286 656 382 700 ευτ’
411 654 642 710 Ἀφροδίτη
673 658 747 696 δῖα
776 653 1029 708 προσέστιχε
1058 654 1232 709 μακρόν
1249 654 1493 710 ’Όλυμπον,

284 712 454 769 κούρῃς
487 711 729 768 αἰτήσουσα
757 711 880 763 τέλος
908 715 1123 766 θαλεροῖο
1153 710 1330 766 γάμοιο,

160 826 216 862 66.
241 822 301 866 ὥς
332 837 421 861 οτε.
445 824 497 858 sic
523 824 600 859 Ald.
628 825 662 859 3.
688 825 723 857 et
747 823 876 858 Scholl.
899 824 923 858 2

117 872 208 912 Am„
218 883 334 929 quam
359 872 561 916 scripturam
588 870 736 915 praetuli
762 871 923 914 vulgatae

114 931 163 958 ως
188 897 228 952 6’
251 916 314 953 ότε
337 923 495 964 propter
506 916 693 950 faciliorem
710 915 924 972 conjunctio-

114 975 189 997 nem
211 966 471 1004 sententiarum,
495 963 610 997 verbis
635 960 683 1003 ὠς
707 959 768 997 ὅτε
785 981 831 988 -
847 960 922 996 θύ-

115 1012 214 1045 ελλαι
253 1011 372 1045 relatis
414 1009 488 1044 sine
528 1009 717 1043 offensione
765 1008 810 1042 ad
851 1008 922 1051 illa,

113 1068 203 1100 quae
239 1056 467 1095 antecedunt,
513 1052 538 1100 ἢ
575 1055 700 1090 ε’πειτα
729 1073 776 1080 --
805 1052 922 1089 ω’κεα-

112 1106 207 1143 νοῖο,
228 1113 302 1137 cum
327 1114 392 1144 ea,
417 1113 504 1146 quae
528 1101 634 1135 ceteri
658 1100 757 1135 codd.
782 1100 838 1134 hic
863 1101 925 1133 ha-

113 1148 214 1182 bent·
236 1168 283 1174 -
307 1146 500 1184 ὠκεανοῖο.
534 1161 584 1188 ως
616 1146 658 1181 6'
693 1144 754 1182 ότε
776 1163 821 1172 ·-
850 1145 924 1181 θύ-

113 1198 213 1230 ελλαι
235 1215 281 1221 --
304 1192 591 1239 ἀμφιπολεύειν·
618 1189 685 1234 ‘¹529
713 1191 766 1236 ἔμ’
791 1189 926 1226 οἷϊστω-

115 1253 216 1276 σειαν
246 1246 312 1275 etc.
326 1266 336 1283 ‚
378 1241 431 1274 vel
471 1239 677 1273 anacolutho
711 1238 925 1284 expedienda

113 1288 203 1329 sint,
239 1287 293 1320 vel
321 1286 521 1331 parenthesi
555 1285 749 1319 molestiore
771 1286 857 1330 τῇσι
879 1302 926 1308 -

115 1331 399 1377 ἀμφιπολεύειν.
423 1339 537 1366 notum
563 1339 628 1373 est,
653 1329 693 1366 δὲ
721 1338 850 1364 temere
872 1329 928 1364 in-

115 1379 244 1414 culcari
268 1380 379 1413 solere
410 1390 431 1412 a
457 1377 629 1419 librariis,
661 1388 728 1420 qua
753 1378 797 1411 de
829 1388 868 1410 re
891 1387 924 1409 v.

112 1426 250 1460 Jacobs.
277 1426 389 1459 indice
413 1423 642 1468 Anthologiae
667 1423 793 1463 Palam,
817 1422 928 1456 Scha-

114 1473 180 1506 fer.
204 1471 320 1506 Melet
348 1483 397 1505 cr.
431 1481 464 1515 p·
490 1471 534 1505 59
560 1478 595 1504 et.
619 1470 698 1505 135.
711 1494 720 1511 ‚
754 1480 815 1503 nos
840 1479 927 1512 quo-

114 1530 183 1563 que
207 1529 285 1553 ann.
310 1517 353 1552 ad
379 1513 414 1559 ι’,
439 1515 508 1551 344
541 1521 577 1549 et.
611 1515 737 1561 passim
772 1515 815 1549 ad
840 1513 928 1548 scri-

114 1569 233 1609 ptores
260 1564 413 1597 scenicos
445 1562 672 1597 Graecorum.
720 1563 792 1595 Am.
820 1560 864 1600 Ω.
891 1564 929 1594 et

114 1611 218 1646 Sch..
244 1609 478 1653 Πανθάρεως
503 1605 522 1644 6
539 1605 717 1663 Μέροπος
739 1607 802 1642 καὶ
819 1604 928 1649 Νύμ-

115 1669 190 1711 φης
209 1654 362 1699 Ὀρείας
385 1657 494 1697 παῖς,
523 1652 709 1713 ΙὶῙιλησιος
740 1667 782 1689 το
808 1652 930 1697 γένος,

114 1701 233 1748 γήμας
261 1701 492 1746 Αρμαθόην,
525 1699 595 1744 τήν
614 1697 930 1745 Ἀμφιδάμαντος,

115 1750 206 1792 ἴσχει
229 1750 320 1793 (Αιιι.
339 1749 384 1789 Ω.
405 1747 500 1792 ἔσχε)
519 1724 656 1789 πάῒδας
674 1747 799 1790 (filias)
820 1749 930 1788 τρεῖς,

111 1794 292 1840 Ἀηδόνα,
324 1808 358 1830 κ.
392 1793 637 1837 Κλεοθὴραν,
682 1806 715 1827 κ.
746 1793 929 1838 ΙγῙερόπην

116 1841 231 1886 (duas
254 1845 385 1875 tantum
413 1841 511 1874 novit
535 1841 637 1875 Paus.
665 1840 730 1879 10,
754 1840 834 1879 30„
859 1840 930 1872 Ca-

114 1888 200 1922 miro
220 1891 255 1921 et
265 1887 435 1945 Clytien),
454 1883 498 1927 ὃς
514 1885 714 1930 τρέφουσιν
722 1883 929 1929 Ἀφροδίτη,

114 1934 178 1970 καὶ
197 1931 348 1988 Ἀθηνᾶ,
371 1947 403 1968 κ.
418 1931 526 1977 ’.Ηρα
552 1934 757 1977 (loquuntur
770 1932 929 1965 Graecu-

115 1981 159 2022 li,
183 1980 280 2025 quasi
303 1981 339 2014 id
362 1980 526 2014 fecissent
550 1980 636 2013 deae
658 1978 749 2012 vivis
774 1977 930 2022 parenti-

116 2028 180 2061 bus
205 2027 416 2071 puellarum,
448 2031 571 2060 contra
603 2035 646 2058 ac
669 2023 779 2057 tradit
801 2024 930 2057 Home-

117 2083 178 2107 rus
203 2074 259 2108 67.
292 2077 329 2106 et
359 2074 437 2108 68.-
426 2095 438 2112 ,
471 2071 526 2105 cui
558 2071 675 2114 inepte
707 2069 930 2124 obloquentes

119 2118 171 2153 illi
197 2130 275 2152 ann.
310 2117 355 2152 ad
378 2119 434 2153 67.
467 2117 524 2151 ita
550 2116 730 2172 garriunt:
762 2115 825 2150 καὶ
857 2113 929 2160 γάρ

118 2162 188 2200 ov'n
212 2162 384 2209 ὀρφανὰς
408 2159 525 2201 αὖτιῗις
548 2161 786 2204 ἀνεθρέψατο
801 2161 930 2205 Ἀφρο-

118 2212 222 2255 δίτη,
256 2211 348 2246 ἀλλὰ
378 2209 453 2253 πρὸ
480 2209 548 2253 τῆς
581 2208 795 2253 ὀρφανίας.)
829 2211 930 2243 Παν-

118 2258 261 2300 δάρεως
297 2255 338 2292 δε
367 2255 666 2313 παραγενόμενος
696 2256 750 2296 εἰς
780 2248 931 2312 Κρήτην

117 2304 263 2339 κλέπτει
291 2303 358 2338 τὸν
389 2303 457 2338 τοῦ
482 2302 575 2342 Διὸς
599 2301 716 2344 κύνα,
748 2314 780 2337 κ.
813 2300 931 2336 αὐτὸν

120 2348 190 2386 οὐκ
219 2350 368 2407 ἤνεγκεν
400 2351 452 2390 εἰς
486 2351 676 2405 Μίλητον,
708 2348 832 2389 δείσας
865 2346 932 2383 τόν

120 2399 220 2440 Δία,
253 2395 358 2439 παρὰ
393 2394 574 2439 Ταντάλῳ
607 2393 647 2429 δὲ
683 2395 736 2436 εἰς
770 2396 931 2438 Φρυγίαν

118 2444 381 2484 κατατίθεται,
413 2441 577 2486 φάμενος
609 2439 712 2486 ἄγειν
743 2439 782 2476 ἐκ
810 2441 932 2476 Φοινί-

119 2503 186 2534 κης
207 2491 356 2525 τοῦτον.
402 2487 422 2524 6
449 2488 490 2524 δὲ
519 2489 710 2528 Τάνταλος
733 2486 932 2543 δεξάμενος

120 2534 338 2578 ἐφύλασσεν.
386 2533 530 2578 ἔπειτα,
566 2534 806 2575 κελεύσαντος
840 2532 932 2575 Διὸς

120 2580 276 2638 έρεννᾷν
308 2579 375 2616 τόν
405 2580 523 2622 κύνα,
562 2582 801 2638 παραγίνεται
819 2580 933 2637 πρὸς

120 2628 186 2664 τὸν
215 2628 408 2664 Τάνταλον
438 2626 458 2663 6
486 2626 643 2672 Ερμῆς·
681 2624 701 2663 6
734 2626 775 2662 δὲ
807 2624 930 2670 ἀρνεῖ-

120 2688 204 2717 ται,
226 2688 260 2710 κ.
284 2673 417 2733 ὄμνυσι
438 2672 504 2709 τὸν
528 2676 605 2708 Δία
627 2687 660 2708 κ.
683 2673 772 2714 τούς
796 2671 931 2714 ἄλλους

120 2719 241 2763 θεοὺς
252 2721 328 2778 μή
353 2720 562 2756 συνειδέναι
593 2733 629 2754 τι
658 2721 748 2775 περὶ
770 2721 837 2755 τοῦ
863 2733 928 2755 κυ-

121 2765 198 2807 νός.
245 2764 264 2803 6
293 2766 333 2802 δε
352 2765 488 2824 Ερμῆς
512 2763 670 2809 ευρίσκει
699 2762 817 2801 αύτὸν
839 2764 926 2810 παρ’

123 2810 235 2868 αὐτῷ.
283 2811 332 2855 ὡς
367 2812 406 2848 δὲ
440 2811 476 2849 6
491 2811 720 2856 Πανδάρεως
752 2811 928 2856 ἐπύθετο,

123 2857 250 2916 φεύγει
276 2859 314 2895 ἐκ
338 2861 404 2904 τῆς
426 2861 608 2902 πατρίδος
641 2857 710 2894 σὺν
732 2861 778 2905 τῇ
801 2873 930 2915 γυναι-

123 2906 162 2941 κὶ
180 2903 365 2961 Αρμαθόῃ
389 2919 421 2940 κ.
445 2909 528 2945 ταῖς
549 2904 803 2986 θνγατράκσιν,
837 2904 931 2949 dyei-

124 2963 210 2996 μοις
233 2948 373 2993 ούσαις,
399 2951 598 3009 Κλεοθήρα
622 2963 680 2993 τε,
766 2949 931 3010 Ἀηδόνι,

125 3013 159 3035 κ.
179 2995 348 3044 Μερόπῃ,
373 2998 426 3041 εἰς
446 2995 613 3044 Ἀθήνας,
642 2996 681 3034 ἐκ
704 2965 747 3035 δκὲ
766 2996 930 3045 Ἀθηνῶν

970 822 1022 863 εἰς
1055 821 1243 858 Σικελίαν.
1292 819 1312 857 6
1348 789 1389 857 δε
1417 819 1509 861 Ζευς
1542 811 1659 855 αύτόν
1690 816 1785 854 ἰδων

967 870 1102 905 κτείνει
1129 868 1198 904 σύν
1220 868 1267 914 τῇ
1289 868 1458 924 γυναικὶ,
1490 869 1572 907 ταῖς
1596 865 1636 902 δὲ
1660 867 1784 911 θυγα-

968 915 1099 957 τράσιν
1123 914 1245 951 αὐτοῦ
1269 915 1339 955 τοὶς
1360 911 1529 957 Ἁρπυίας
1550 912 1710 970 ἐφορμᾷ.
1744 910 1784 946 αἱ

971 963 1011 998 δὲ
1036 960 1257 1005 ἀνελόμεναι
1274 958 1485 1016 Ἐριννύσιν
1509 956 1628 1000 αὐτοὶ-ς
1652 948 1784 993 διδόα-

971 1021 1008 1045 σι
1034 1007 1318 1045 δουλεύειν.ού
1351 1006 1426 1052 μὴν
1459 1005 1551 1041 οἷλλοὶ
1584 1004 1647 1041 καὶ
1668 1004 1784 1039 νόσον

972 1054 1106 1096 αὐταῖς
1128 1055 1295 1109 ἐμβάλλει
1322 1055 1434 1094 Ζεύς·
1458 1055 1624 1087 καλεῖται
1649 1049 1690 1086 δὲ
1714 1046 1785 1086 αύ-

970 1116 1014 1146 τη
1038 1101 1150 1137 κύων.
1185 1101 1262 1146 quis
1286 1100 1332 1135 sit
1354 1101 1414 1134 ille
1437 1100 1586 1140 morbus,
1610 1098 1682 1132 scio
1709 1108 1785 1131 cum

969 1147 1209 1194 ignarissimi5‚
1235 1152 1387 1203 putoque
1408 1145 1624 1179 Scholiastas
1647 1143 1786 1178 dedisse

970 1196 1060 1229 hoc.
1085 1197 1250 1230 καλεῖται
1274 1191 1315 1228 ὁε
1341 1192 1540 1231 οἷντίκυων,
1568 1192 1602 1224 h.
1629 1201 1660 1225 e.
1687 1188 1785 1224 ἀλώ-

970 1242 1055 1285 πηξ.
1103 1241 1278 1284 Hesychst
1305 1237 1503 1279 ἀντίκυων,
1527 1235 1690 1279 ἀλώπηξ.
1731 1240 1786 1269 est

972 1293 1086 1322 autem
1110 1286 1335 1330 intelligenda
1359 1284 1566 1325 ἀλωπεκία,
1598 1282 1786 1326 defluvium

972 1334 1198 1377 capillorum,
1242 1336 1282 1365 ut
1315 1331 1547 1365 Callimachus
1584 1330 1709 1372 hymno
1749 1327 1787 1362 in

971 1379 1116 1415 Dianam
1141 1378 1220 1414 77.
1252 1375 1295 1413 τὸ
1327 1376 1367 1412 δ’
1402 1375 1552 1421 ἅτριχον
1583 1374 1694 1411 εἰσέτι
1723 1375 1788 1410 καὶ

973 1427 1044 1462 νῦν
1079 1422 1291 1460 Μεσσάτιον
1331 1423 1495 1468 στέρνοιο
1530 1420 1632 1466 μένει
1663 1420 1787 1465 μέρος,

974 1469 1026 1513 ὥς
1055 1469 1115 1509 ὅτε
1138 1468 1254 1516 κόρσῃ
1280 1470 1408 1512 Φωιὸς
1438 1468 1715 1524 ένιδρυνθεῖσα
1723 1466 1788 1503 κό-
1820 1483 1821 1486 “

973 1530 1048 1576 μην
1081 1516 1291 1562 ἐπενείματ’
1329 1515 1503 1561 ἀλώπηξ.
1538 1515 1589 1550 sic
1619 1511 1717 1559 αύτή
1750 1515 1786 1548 in

974 1564 1091 1608 ἄντην
1123 1570 1259 1598 mutare
1281 1563 1391 1598 visum
1427 1569 1480 1597 est
1512 1560 1557 1602 τ’,
1582 1559 1673 1603 104,
1711 1571 1786 1594 cum

975 1615 1122 1651 constet,
1146 1624 1168 1644 ν
1193 1615 1228 1644 et
1250 1623 1274 1644 υ
1298 1610 1433 1644 litteras
1451 1587 1650 1661 permisceri
1674 1607 1787 1641 solere

975 1657 1010 1691 in
1035 1638 1158 1690 οοᾱό.·
1148 1681 1158 1697 ,
1192 1668 1257 1690 nec
1279 1656 1388 1690 minus
1412 1669 1436 1700 η
1460 1662 1497 1690 et
1520 1667 1534 1689 ι
1557 1653 1623 1687 sibi
1656 1653 1789 1687 offece-

974 1704 1044 1737 rint
1078 1707 1222 1748 propter
1255 1702 1478 1737 iotacismum.
1537 1699 1661 1744 quodsi
1693 1699 1788 1732 divi-

974 1750 1149 1789 navium,
1185 1749 1286 1792 jocus
1325 1749 1465 1782 subesse
1508 1745 1669 1779 videatur
1707 1744 1787 1779 huic

974 1794 1175 1835 narrationi,
1203 1793 1300 1850 quasi
1326 1794 1458 1840 punitis
1481 1789 1651 1827 ἇντίκννι
1676 1791 1788 1836 virgi-⁴

975 1842 1073 1876 nibus
1098 1840 1180 1876 ἀντὶ
1206 1839 1340 1881 κυνός,
1365 1852 1428 1885 pro
1453 1850 1538 1873 cane
1561 1837 1650 1880 isto,
1686 1848 1789 1882 quem

975 1889 1112 1943 surat'us
1137 1891 1216 1921 erat
1231 1886 1442 1921 Pandareus.
1466 1890 1616 1921 ceterum
1640 1884 1687 1920 cf.
1710 1894 1789 1928 anu.

976 1934 1020 1969 ad
1046 1932 1090 1975 τ,
1113 1934 1194 1970 518.

992 1982 1122 2016 67—
1129 1981 1186 2014 90.
1228 1979 1340 2025 τῇσι
1362 1997 1409 2005 -
1431 1980 1556 2017 θεοί.
1596 1979 1790 2036 asyndeton

975 2003 1241 2083 epexegeticum.
1275 2045 1321 2050 -—
1350 2023 1550 2069 κόμισσε
1573 2047 1619 2053 -
1649 2025 1789 2084 ἐργά-

975 2075 1156 2115 ζεσθαι.
1183 2069 1230 2107 δι’
1256 2069 1358 2107 ἐλεόν
1383 2070 1504 2113 αὐτας
1527 2072 1566 2109 αὶ
1590 2074 1679 2109 θεαὶ
1703 2071 1789 2108 ἄνε-

975 2118 1191 2176 θρέψαντο,
1223 2116 1429 2162 αγνοοῦσαι
1457 2119 1501 2154 τὸ
1527 2117 1788 2177 πεπρωμένον·

974 2165 1091 2221 μόνος
1123 2162 1195 2209 γάρ
1230 2162 1251 2199 6
1289 2163 1380 2205 Ζευς
1411 2162 1491 2201 οἶδε
1521 2165 1706 2211 μοῖράν
1739 2162 1791 2209 τ’,

977 2209 1231 2256 ἀμμορίην
1254 2224 1300 2248 τε
1326 2212 1425 2256 (76),
1459 2210 1611 2255 ὁμοίως.
1633 2230 1680 2240 -
1702 2224 1789 2247 τν-

977 2260 1059 2303 ρῷ,
1083 2277 1130 2282 -
1155 2258 1284 2303 οἴνῳ.
1309 2258 1403 2292 cibus
1424 2257 1606 2302 delicatus,
1627 2263 1666 2293 ut
1688 2269 1788 2317 quem

977 2305 1044 2339 dea
1067 2305 1244 2359 praebeat.
1278 2305 1528 2347 „Batrachum
1551 2306 1629 2340 38..
1654 2303 1700 2340 οὗ
1723 2317 1789 2340 τυ-

978 2349 1042 2394 ρὸς
1065 2349 1267 2407 νεόπηκτος
1291 2349 1367 2386 απὸ
1384 2353 1575 2395 γλυκεροῖο
1591 2350 1788 2396 γάλακτος,

981 2395 1037 2433 Ου’
1063 2395 1221 2441 χρηστὸν
1242 2400 1447 2441 μελίτωμα,
1476 2397 1519 2432 τὸ
1543 2398 1606 2432 καὶ
1619 2397 1790 2443 μάκαρες

976 2441 1195 2479 ποθέουσιν.
1235 2444 1359 2502 Eurip.
1383 2444 1513 2479 Bacch.
1539 2446 1640 2480 112:
1664 2444 1724 2487 ῥεῖ
1745 2443 1787 2480 δὲ

976 2489 1129 2535 γάλακτι
1150 2490 1278 2531 πέδον,
1301 2489 1362 2534 ῥεῖ
1382 2487 1422 2524 6'
1448 2491 1551 2536 οίνφ,
1576 2489 1636 2534 ’ῥεῖ
1659 2490 1700 2527 δὲ
1722 2502 1788 2533 με·

976 2539 1106 2572 λισσᾶν
1131 2535 1289 2579 νέκταρι.
1302 2538 1324 2556 ‘
1350 2537 1385 2569 Ε
1407 2536 1458 2570 Cl.
1482 2556 1522 2561 —
1557 2535 1787 2580 πινυτήν,

974 2584 1219 2628 prudentiam,
1245 2587 1283 2616 ut
1305 2582 1344 2616 Il.
1369 2580 1417 2626 η’,
1441 2584 1541 2618 288.:
1571 2581 1685 2626 Αἶαν,
1709 2582 1789 2620 ἐπεί

975 2643 1035 2664 τοι
1068 2631 1164 2665 διῆκε
1194 2626 1285 2669 θεὸς
1314 2627 1470 2672 μέγεθός
1507 2641 1567 2671 τε,
1609 2632 1704 2688 βίην
1735 2642 1787 2670 τε,

976 2676 1051 2712 Καὶ
1073 2673 1242 2733 πινυτήν.
1285 2676 1387 2710 aliter
1411 2674 1454 2718 λ,
1486 2674 1585 2712 443.-
1621 2674 1704 2712 ἀλλ’
1738 2673 1785 2712 οὗ

975 2721 1096 2767 σοίγ’,
1129 2719 1307 2765 Ὀδυσεῦ,
1348 2720 1471 2766 φόνος
1499 2720 1642 2757 ε’σσεται
1673 2721 1713 2758 ἔκ
1745 2734 1786 2768 γε

973 2768 1169 2814 γυναικός·
1212 2770 1318 2826 Λίην
1346 2767 1422 2827 γάρ
1463 2767 1599 2812 πινυτή
1636 2773 1706 2803 etc.
1737 2787 1786 2794 —

975 2816 1082 2849 Sca:
1086 2815 1268 2872 μῆκος
1278 2812 1318 2850 δ’
1343 2814 1499 2856 ε’πορε.
1530 2815 1786 2872 κουροτρόφος

973 2859 1044 2906 γὰρ
1075 2858 1098 2907 ἡ
1122 2861 1216 2900 θεὸς
1249 2859 1386 2904 ὁμοίως
1420 2860 1472 2906 τῷ
1494 2857 1647 2906 ἀδελφῷ
1664 2860 1787 2896 Ἀπόλ-

974 2911 1074 2943 λωνι.
1107 2909 1153 2942 cf.
1181 2906 1224 2949 o‘,
1249 2910 1306 2943 86.
1330 2927 1376 2933 —
1407 2896 1574 2950 δέδαε,
1607 2909 1786 2948 docuerat,

976 2965 997 2988 a
1029 2953 1164 2990 δεδάω.
1189 2966 1221 2990 v,
1235 2954 1375 2988 Matth.
1414 2955 1447 2995 §.
1472 2955 1552 2989 228.
1577 2972 1624 2979 —
1648 2955 1720 2988 Am.
1745 2955 1788 2988 2·

975 2999 1112 3044 τέλος
1134 3003 1238 3038 θαλ.
1261 3000 1447 3046 γάμοιο.
1491 3001 1788 3047 περιφραστικῶς·
