1821 3288
203 631 694 685 ARGUMENTUM
745 629 1600 681 BATRACHOMYOMACHIAE.

763 816 1038 825 ——.

71 954 188 1015 Mus
218 986 312 1014 cum
339 970 620 1029 insequentem
651 973 868 1013 mustelam
907 971 1135 1025 effugisset,
1173 977 1214 1012 et
1245 968 1296 1011 ad
1331 967 1521 1027 paludem
1557 967 1643 1010 sitis
1671 969 1732 1010 le-

71 1051 232 1097 Vandae
262 1065 381 1094 causa
411 1052 670 1103 cucurrisset,
698 1051 899 1107 colloquio
934 1059 1023 1091 orto
1052 1051 1155 1091 inter
1183 1065 1278 1091 eum
1307 1057 1346 1091 et
1382 1063 1522 1091 ranam
1550 1047 1603 1089 de
1635 1047 1732 1088 um·-

72 1146 201 1188 usque
234 1131 342 1174 vitae
379 1146 545 1184 genere,
580 1145 671 1171 mus
705 1131 894 1172 invitatus
919 1145 943 1170 a
982 1144 1078 1170 rana
1108 1129 1340 1171 conscendit
1368 1130 1453 1169 eius
1481 1136 1659 1181 tergum,
1686 1134 1731 1168 ut

72 1226 145 1269 per
165 1226 312 1267 aquam
336 1218 474 1253 vectus
500 1217 716 1262 cognoscat
741 1212 850 1250 bona
873 1223 1059 1249 ranarum
1078 1212 1152 1257 (1-
1168 1205 1255 1263 82).
1305 1208 1542 1250 Natantibus
1566 1213 1731 1263 apparet
1759 1213 1761 1215 '

71 1291 249 1346 hydrus3
278 1293 388 1342 cujus
412 1279 604 1345 adspectu
633 1303 730 1329 rana
757 1289 973 1345 perterrita,
1003 1289 1127 1330 oblita
1147 1287 1337 1344 hospitis,
1365 1287 1555 1340 mergitur
1575 1287 1617 1326 in
1635 1301 1730 1342 pro-

72 1370 275 1422 fundum,
303 1383 474 1410 excusso
504 1383 641 1419 mure,
673 1368 741 1424 qui
769 1369 826 1409 sic
857 1369 960 1422 perit
992 1368 1189 1422 (83-98.).
1247 1366 1345 1419 Ejus
1386 1381 1500 1407 casus
1534 1374 1735 1423 spectator

74 1465 166 1492 mus
195 1450 295 1491 alius
323 1463 412 1490 rem
441 1448 570 1488 defert
597 1446 650 1487 ad
678 1462 840 1499 mures,
882 1456 923 1488 et
950 1455 1062 1501 pater
1089 1446 1273 1488 suffocati
1306 1446 1448 1487 suadet
1475 1447 1628 1487 bellum
1661 1445 1736 1486 ad-

73 1544 214 1573 versus
241 1543 373 1570 ranas.
439 1528 501 1569 Ita
529 1524 678 1567 heroe's
705 1540 918 1574 ranarum,
964 1527 1142 1579 primum
1170 1540 1352 1578 rumore,
1391 1533 1478 1565 tum
1517 1524 1734 1565 denuntia-

73 1609 185 1651 tione
207 1609 303 1650 belli
322 1607 545 1664 provocati,
575 1605 721 1658 pariter
740 1619 784 1645 se
802 1604 853 1646 ad
873 1605 1072 1657 proelium
1091 1614 1323 1658 comparant
1342 1605 1446 1656 (99-
1462 1606 1586 1656 167.).
1625 1603 1736 1646 Con-

74 1692 240 1733 sultatur
268 1688 400 1742 gravis
428 1701 492 1727 res
521 1685 563 1726 in
592 1691 793 1725 conventu
824 1683 993 1724 deorum
1015 1682 1274 1737 coelestium3
1303 1683 1410 1732 dein,
1437 1697 1596 1738 pugnae
1615 1684 1735 1738 signo
1777 1705 1780 1709 ·

75 1769 195 1819 dato,
223 1769 363 1808 acriter
393 1772 632 1807 concurrunt
660 1764 855 1805 exercitus
888 1763 1153 1814 (168-204)‚
1194 1763 1311 1803 multi
1347 1762 1545 1819 utrimque
1575 1763 1733 1817 cadunt,

74 1847 240 1890 tandem
269 1846 322 1888 ad
352 1860 488 1887 mures
523 1844 687 1885 inclinat
725 1843 891 1885 victoria
927 1842 1182 1897 (205-270).
1243 1841 1361 1896 Quos
1401 1842 1453 1883 ad
1491 1844 1735 1885 internecio-

75 1943 172 1970 nem
197 1941 385 1968 ranarum
414 1932 638 1978 pugnantes
676 1922 828 1976 Iupiter
862 1924 1032 1964 fulmine
1069 1922 1264 1964 deterrere
1301 1930 1454 1968 tentat3
1496 1923 1571 1964 sed
1605 1925 1733 1965 muri.

76 2009 152 2049 bus
181 2022 230 2048 eo
260 2005 371 2047 haud
402 2004 619 2055 deterritis,
655 2004 777 2043 mittit
812 2017 1001 2056 cancros,
1043 2017 1068 2044 a
1102 2003 1245 2060 quibus
1281 2002 1339 2043 illi
1375 2002 1547 2043 mutilati
1573 2003 1731 2057 fugiunt

77 2095 118 2130 et
143 2085 352 2144 pugnandi
380 2085 507 2125 finem
534 2083 685 2125 faciunt
712 2085 810 2133 (271
827 2083 972 2133 -305).
