1821 3288
414 83 735 128 ADDENDA
773 85 854 127 ET
895 84 1321 128 EMENDANDA.
1612 88 1696 128 389

37 196 104 233 iam
138 196 204 232 hae
238 200 318 233 sunt
349 207 518 242 personae
550 196 833 242 Tempestatum,
875 206 1016 241 quarum
1051 197 1087 228 et
1119 199 1298 231 ventorum
1330 195 1520 241 praesidem
1554 196 1695 231 Aeolum

36 243 135 277 Hom.
158 244 253 278 novit
275 245 310 278 in
338 244 513 296 Odyssea,
538 250 638 286 post,
671 243 815 287 opinor,
841 248 987 286 accepta
1011 241 1054 274 de
1078 241 1134 274 illo
1160 244 1249 275 fama
1272 243 1364 276 inter
1395 241 1693 287 peregrinandum.

38 290 215 323 coluerunt
237 301 278 323 ea
302 289 438 322 numina
463 288 567 321 etiam
591 289 746 321 Romani.
772 288 951 333 inscriptio
975 294 1073 320 vetus
1099 299 1153 331 ap.
1177 288 1316 322 Reiues.
1340 290 1372 329 6,
1397 290 1452 323 34.
1465 314 1473 330 ,
1509 293 1694 322 annotante

37 335 232 370 doctissimo
256 334 403 367 Krebsio
428 334 472 367 ad
498 333 601 367 Ovid.
628 334 722 367 Fast.
749 336 784 375 6,
813 335 915 368 193..-
941 334 1084 366 Lucium
1110 334 1313 376 Scipionem.
1341 353 1386 358 —
1411 335 1479 367 Hic
1500 335 1591 379 cepit
1609 336 1694 367 Cor-

35 382 144 414 sicam
171 381 389 422 Alcriamque
411 381 538 412 urbem.
586 381 694 413 Dedit
722 380 995 423 Tempestatibus
1020 380 1138 411 aedem
1168 380 1290 412 merito
1314 383 1380 412 etc.
1416 385 1567 414 ceterum
1590 391 1624 413 v.
1649 379 1693 422 ξ’,

32 426 147 460 249-
151 427 206 460 62.
230 444 275 449 —
298 426 354 459 36.
378 426 464 458 male
490 426 632 467 Heyneo
657 425 841 458 obsecutus
865 436 948 459 sum.
972 425 1217 458 restituendum
1244 430 1297 457 est
1319 421 1502 468 ὕπερθεν,
1539 437 1610 459 cum
1636 438 1692 459 se—

33 477 160 515 quatur
174 470 312 506 vocalis.
337 472 517 504 manifesto
543 475 653 504 autem
677 470 763 504 Juno
791 472 934 514 pejerat
958 482 1024 514 quo
1050 471 1138 504 vitet
1157 470 1252 505 Jovis
1277 471 1386 510 iram3
1412 483 1521 515 neque
1544 472 1581 505 id
1606 472 1691 506 clam

33 517 109 560 ipso
135 517 237 556 facit,
263 517 355 561 quod
380 529 422 550 ex
446 516 561 550 verbis
587 517 660 559 ejus
685 517 740 550 53.
778 516 993 559 intelligitur.
1018 515 1095 548 suit
1129 522 1239 550 tamen
1264 528 1376 560 poena
1400 523 1528 549 statuta
1554 517 1586 549 in
1612 529 1692 561 per-

29 562 124 606 juria
149 562 306 595 deorum.
332 574 364 595 v.
391 574 468 596 ann.
494 563 537 596 ad
562 562 640 596 204».
666 581 711 586 ——
733 561 789 596 45.
816 562 906 606 Berg
913 563 1020 594 lerus:
1046 563 1125 605 quin
1152 564 1187 595 in
1213 569 1309 618 τέω-νη
1330 564 1489 607 gratiam
1510 563 1562 595 illi
1585 566 1691 597 ctiam

32 609 111 652 ipsa
138 609 364 642 consuluerim
393 621 431 643 eo
459 609 528 648 irc,
559 620 625 662 quo
647 614 686 642 tu
706 627 751 632 -——
774 609 1009 651 imperaveris.
1043 627 1086 632 —
1114 610 1191 642 105.
1216 608 1239 652 ἡ
1274 608 1357 642 ἔτι.
1392 609 1488 641 Harl.
1515 615 1551 641 et.
1574 610 1690 642 nescio

32 653 109 710 quis
133 654 218 687 alins
242 653 329 687 liber
352 665 406 699 ap.
432 654 558 687 Barna
602 651 644 697 ἠέ
666 667 723 694 τι,
763 654 852 698 quod
878 655 905 687 Β
931 653 1050 686 excudi
1072 654 1096 695 i·
1101 654 1200 694 mit,
1232 654 1368 708 xirgula
1391 653 1587 710 perscripta
1612 660 1691 698 post

31 712 169 742 αφρον.
194 704 330 733 veteres
354 711 409 744 ap.
434 704 618 742 utrumque
645 700 729 734 Ven.
756 707 792 733 et.
818 700 911 743 lips.
925 724 933 739 ,
959 710 1045 743 quos
1070 700 1114 730 w
1139 712 1197 732 se(-
1190 702 1316 745 uitur:
1343 698 1367 744 ἧ
1395 692 1468 739 ὲτί,
1494 711 1582 732 0ον3
1609 711 1690 733 580-

32 746 154 780 teiltia.
178 750 214 778 et
246 746 332 778 bene
362 746 410 779 illi
440 746 592 789 quidem,
635 746 725 788 quod
763 746 888 777 attinet
912 744 954 777 ad
982 746 1120 777 verbum
1154 745 1230 781 ἔτι.
1266 747 1300 780 h.
1326 759 1356 779 e.
1383 747 1516 786 adhuc,
1552 745 1625 778 scil.
1652 750 1691 779 ut

30 792 128 833 olm
153 803 224 824 cum
249 791 367 824 Jovem
393 791 548 848 aggressi
572 800 674 842 sunt3
714 802 802 834 quae
825 802 882 823 res
906 791 1076 823 narratur
1100 790 1144 830 α’,
1169 793 1363 827 396-406.
1395 798 1545 825 ceterum
1570 792 1689 848 pnocul

31 817 134 871 dubis>
158 837 377 870 scribendum
402 845 455 870 est
479 835 542 879 ηδ’
569 836 635 877 ἔτι,
664 836 828 887 siquidem
856 837 938 868 haec
964 848 1028 869 non
1052 843 1132 870 sunt
1156 849 1219 878 ea,
1253 849 1340 882 quae
1368 838 1538 880 particula
1567 834 1592 880 ἢ
1619 838 1690 870 dis-

26 883 172 928 ¹jungas,
198 882 259 916 sed
282 883 334 916 ira
357 888 427 916 tum
451 884 609 916 commoti
630 865 681 915 ’dii
707 882 888 915 vinxerunt
906 881 1042 921 Jovem,
1066 882 1219 926 itemque
1242 895 1328 917 nunc
1352 884 1401 917 illi
1427 894 1630 917 succensere
1652 887 1689 917 et

30 929 99 961 vim
127 940 250 974 parare
285 939 346 961 eos
378 939 482 973 seque
510 929 627 985 ipsam
651 928 701 962 ait
724 927 834 968 Juno,
872 927 934 960 sed
963 928 1115 968 frustum
1153 928 1207 961 cui
1240 930 1389 963 orationi
1422 929 1583 962 convenit
1605 929 1686 963 hoc·

34 974 125 1018 Ζηνὶ
157 976 414 1017 μενεαίνομεν,
451 972 519 1018 ἠδ’
545 974 598 1008 ἔτι
631 987 695 1018 μιν
727 974 891 1016 μέμαμεν
927 972 1226 1016 καταπαυσέμεν,
1265 976 1356 1031 quod
1388 975 1572 1020 participio
1606 986 1689 1009 usus

29 1024 133 1077 posita
156 1020 327 1053 recentior
354 1021 410 1052 vel
434 1023 554 1053 orator
577 1020 626 1052 ita
651 1020 756 1052 ‹lixiss
751 1024 814 1052 ·:et
858 1019 947 1060 Ζηνὶ.
977 1031 1099 1062 μενεαι
1098 1022 1232 1060 ’νοντες
1262 1022 1315 1054 ἔτι
1338 1034 1402 1064 μιν
1432 1021 1514 1065 μέμ.
1539 1033 1616 1054 κατ.
1643 1022 1687 1055 (18

31 1064 96 1120 ἡδὲ
120 1071 156 1098 et
179 1064 221 1109 ἠὲ
246 1066 396 1098 confusis
419 1077 452 1098 V.
479 1077 556 1098 ann.
580 1065 624 1098 ad
649 1066 776 1109 odyss.
803 1064 847 1106 6,
873 1067 954 1100 37⁶.
978 1084 1020 1089 —
1048 1067 1124 1100 119.
1149 1068 1211 1100 καί
1234 1064 1272 1108 ῤ’
1296 1068 1433 1106 ἵππους
1457 1067 1576 1102 κέλετο
1601 1071 1687 1101 Δεῖ-

27 1111 100 1156 μόν
123 1123 163 1145 τε
189 1109 314 1155 Φόβον
337 1123 375 1144 τε
400 1111 608 1154 ζευγνύμεν.
634 1111 795 1156 proclivis
819 1122 919 1152 sane,
945 1122 987 1144 ne
1011 1111 1121 1145 dicam
1145 1113 1366 1154 inevitabilis,
1391 1124 1487 1146 error
1511 1113 1577 1145 suit
1598 1117 1685 1147 Δεῖ-

26 1171 98 1200 μον
122 1158 221 1190 istum
246 1162 282 1190 et
309 1156 430 1201 Φόβον
454 1169 561 1210 equos
587 1157 712 1190 Martis
734 1157 1008 1199 intelligentium.
1033 1169 1132 1208 quem
1164 1170 1315 1192 errorem
1340 1170 1421 1201 cur,
1446 1170 1594 1203 quaeso,
1617 1171 1684 1193 non

27 1204 246 1249 impedivisse
270 1204 442 1257 putandus
465 1204 514 1237 sit
541 1204 636 1236 Hom.
648 1203 792 1236 dicendo
809 1203 933 1248 Δείμῳ
959 1216 996 1237 τε
1017 1201 1125 1256 Φόβῳ
1149 1205 1215 1239 rs?
1235 1205 1269 1237 id
1293 1205 1343 1238 ita
1367 1205 1544 1249 scriptum,
1571 1206 1686 1239 veteri

27 1261 120 1284 more
144 1251 284 1293 Δείμωι
310 1261 348 1283 τε
375 1248 503 1292 Φόβωι
529 1262 563 1283 τε
588 1250 690 1282 138118
713 1249 838 1282 abierit
869 1250 905 1281 in
931 1248 1069 1292 Δεῖμόν
1093 1262 1131 1284 τε
1157 1251 1281 1295 Φόβον
1306 1263 1368 1295 τε,
1402 1251 1684 1295 quemadmodum

27 1309 48 1332 ο
74 1300 110 1330 et
136 1309 186 1337 ω,
223 1294 413 1338 itidemque
438 1309 450 1329 ι
474 1295 683 1338 adscriptum
709 1300 744 1328 et
766 1308 787 1328 ν
810 1295 950 1336 littera,
990 1298 1175 1340 permutari
1200 1298 1289 1330 inter
1312 1309 1351 1330 se
1384 1298 1508 1330 solent.
1533 1316 1577 1321 —
1603 1300 1684 1332 128.

26 1339 306 1387 μαινόμενε.
331 1341 465 1374 minime
488 1341 575 1374 male
600 1342 717 1384 Εῑ)10.
745 1352 776 1373 ν.
802 1338 934 1379 &mmet
959 1341 1139 1384 δαιμόνιε.
1165 1343 1237 1386 ejus
1263 1343 1346 1376 illud
1369 1342 1505 1376 videtur
1529 1353 1605 1376 8558
1628 1343 1685 1377 in·

25 1392 346 1444 teimpretamentum
385 1389 490 1444 idque
523 1387 708 1431 frigidum,
743 1386 964 1439 sequentibus
1005 1393 1175 1431 cognatae
1212 1389 1361 1422 notionis
1398 1389 1512 1421 verbis
1544 1403 1613 1432 φοε
1608 1389 1684 1428 ’νας

26 1431 102 1478 η’λέ.
127 1454 170 1460 -
199 1432 277 1468 144.
300 1431 400 1476 μέτ’
429 1433 636 1476 α’γγελος.
665 1444 701 1465 v.
725 1429 778 1475 ψ’,
806 1434 882 1466 199.
907 1452 953 1456 -
977 1434 1055 1467 188.
1080 1433 1334 1473 ἐνέροισιν.
1360 1435 1469 1468 satius
1494 1440 1546 1468 est
1577 1435 1682 1469 scribi

22 1478 248 1523 Ἑνέροισιν,
288 1490 354 1522 quo
379 1490 547 1522 personae
577 1479 768 1531 Inserorum
795 1477 1041 1526 intelligantur
1075 1498 1120 1504 --
1154 1481 1231 1513 190.
1258 1485 1294 1513 et
1326 1479 1380 1512 1118
1410 1486 1446 1513 et
1468 1491 1575 1534 saepe
1598 1481 1683 1515 alias

24 1526 182 1562 relictum
207 1530 260 1558 est
283 1535 344 1568 per
366 1523 607 1579 negligentiam
631 1522 735 1567 ἤτοι,
768 1523 826 1557 ubi
851 1525 934 1566 ἠτο·
960 1525 1149 1568 ponendum
1174 1525 1260 1566 suit,
1294 1537 1383 1570 quae
1408 1537 1473 1559 non
1499 1527 1605 1559 minus
1629 1527 1684 1561 di-

24 1584 126 1607 versa
147 1576 230 1605 sunt
253 1581 351 1615 quam
377 1566 400 1614 ἦ
424 1576 458 1604 et
473 1564 509 1615 ἦ.
514 1570 766 1606 -211-235,
795 1581 986 1614 operarum,
1010 1575 1105 1615 puto,
1123 1571 1279 1604 socordia
1303 1571 1505 1605 exciderunt
1520 1577 1683 1608 annotata

23 1620 69 1652 ad
91 1619 154 1651 hos
175 1627 313 1655 versus,
338 1627 426 1661 quae
450 1623 623 1660 utcunque
647 1627 690 1649 ex
714 1617 799 1670 suga
824 1617 1005 1649 retraham.
1032 1617 1140 1660 igitur
1162 1620 1263 1660 θυμ
1281 1619 1311 1664 ᾧ
1335 1623 1388 1651 est
1411 1619 1479 1659 ina,
1507 1630 1570 1652 nec
1589 1620 1682 1663 jeju-

23 1676 119 1707 num,
144 1668 182 1697 ut
206 1662 346 1696 videtur
368 1663 444 1696 viro
469 1662 673 1696 doctissimo,
697 1680 744 1686 —
768 1659 878 1696 ἄνευ
905 1645 1074 1705 ἐμέθεν
1099 1663 1272 1707 significat
1295 1676 1348 1698 me
1370 1665 1492 1705 invito,
1517 1669 1557 1698 ut
1574 1665 1681 1709 Apol-

2 1711 89 1745 Ἰ100.
108 1691 223 1744 izhod.
246 1707 280 1748 4,
306 1708 386 1742 746.
400 1722 408 1741 ε
430 1707 568 1751 πατρὸς
592 1708 752 1746 ἄνευθε,
776 1708 887 1742 invito
908 1714 1021 1751 patre.
1046 1709 1090 1742 de
1116 1721 1219 1743 versu
1244 1710 1322 1746 214.
1349 1710 1460 1743 sentio
1487 1722 1563 1744 cum
1589 1711 1682 1752 Hey-

22 1768 108 1797 neo,
132 1755 346 1807 suppositum
370 1766 463 1799 esse,
488 1755 598 1795 initio,
623 1754 657 1786 ni
683 1753 802 1794 fallor,
828 1755 921 1787 facto
949 1756 992 1789 ab
1018 1755 1151 1789 nomine
1165 1754 1294 1800 Ήρης,
1319 1767 1418 1801 quam
1445 1756 1542 1790 deam
1563 1757 1681 1790 085810

22 1804 118 1847 quis,
157 1813 219 1834 nec
244 1800 302 1833 ille
325 1800 482 1844 ineptus,
520 1799 765 1844 requisiverit,
808 1804 970 1845 tanquam
1002 1813 1156 1845 magnum
1193 1809 1392 1836 momentum
1417 1802 1498 1835 belli
1522 1802 1681 1845 Troiani.

21 1849 159 1892 ineptus
183 1851 321 1886 autem,
347 1847 401 1880 vel
426 1857 532 1891 purus
558 1853 659 1891 putus
685 1845 871 1884 Metricus,
895 1847 1028 1891 reliqua
1053 1848 1238 1891 adscripsit
1263 1848 1306 1882 de
1332 1847 1507 1882 Mercurio
1533 1854 1569 1882 et
1592 1848 1682 1882 Vul-

23 1906 132 1933 cano,
158 1893 281 1938 quibus
303 1903 466 1936 nusquam
491 1892 621 1936 primae
636 1892 760 1924 dantur
783 1897 902 1936 partes
927 1893 959 1924 in
984 1894 1048 1926 hoc
1071 1895 1231 1928 carmine.
1256 1894 1377 1928 merito
1402 1895 1487 1926 11388
1510 1895 1682 1928 83088113-

22 1940 75 1973 vit
97 1940 153 1972 W.
176 1940 305 1972 frustra
329 1950 413 1971 vero
438 1939 640 1971 addubitant
657 1936 838 1994 Ερμειςο,
877 1938 1063 1982 genitivum
1103 1946 1315 1974 contractum
1348 1936 1474 1984 Ερμεέ
1478 1953 1505 1973 ω
1539 1953 1558 1974 3
1583 1945 1678 1975 recto

20 1984 184 2028 Ἑρμέας.
209 2003 252 2009 -—
277 1980 480 2026 υπόειξε
513 1987 681 2027 χεῖρας
711 1983 835 2027 ἐμάς.
874 1985 1112 2028 expectaveris
1144 1999 1266 2030 χερσιν
1290 1986 1416 2028 ἐμαῖς,
1449 1987 1509 2019 sed
1541 1998 1573 2021 v.
1599 1998 1679 2019 ann.

22 2032 66 2066 ad
92 2033 221 2075 Odyss.
242 2028 289 2072 ζ’,
313 2031 369 2065 29.
394 2050 440 2055 -
463 2032 542 2065 230.
569 2030 836 2065 ἐπισσείων.
877 2041 958 2063 sane
983 2031 1072 2064 haud
1096 2043 1201 2077 opus,
1239 2032 1403 2076 geminari
1426 2032 1582 2072 sibilum,
1616 2032 1680 2066 sed

21 2077 256 2134 accipiendum
291 2075 481 2117 ἐπισείων,
521 2077 610 2121 quod
644 2078 811 2121 praebent
843 2076 986 2110 Barocc.
1020 2077 1085 2121 Lip
1089 2089 1114 2110 s.
1144 2084 1180 2112 et
1207 2078 1343 2114 Vratisl.
1367 2078 1400 2111 b.
1433 2090 1468 2112 v.
1495 2080 1567 2123 He)
1566 2090 1607 2111 7.0
1632 2099 1679 2105 --

20 2123 101 2159 242.
128 2121 236 2158 ἐπεί
259 2135 342 2166 μιν
375 2122 530 2168 ἔγειρε
555 2122 677 2162 Διὸς
702 2122 816 2163 νόος
841 2122 1258 2178 a82t62010.H.e.yn
1292 2125 1429 2169 quando
1454 2126 1506 2169 ips
1509 2137 1566 2159 um
1596 2126 1681 2168 refi-

22 2171 135 2204 ciebat
152 2170 248 2203 Jovis
268 2171 430 2204 voluntas
452 2171 613 2215 aegidem
634 2170 791 2203 tenentis.
816 2168 926 2210 quid¹2
949 2169 1043 2210 Διὸς
1066 2168 1173 2212 νόος,
1199 2171 1356 2204 voluntas
1391 2171 1465 2204 5013
1487 2170 1609 2204 Jovis2
1642 2175 1680 2205 at

21 2215 73 2250 ita
96 2216 180 2250 nihil
203 2226 303 2272 opus
310 2216 411 2249 misso
437 2216 603 2259 Apolline.
627 2216 816 2248 scribamus
841 2219 886 2249 A.
911 2213 1040 2258 γόνος,
1063 2216 1161 2250 Jovis
1189 2217 1300 2258 filius,
1331 2221 1373 2250 ut
1397 2214 1434 2258 ε’,
1459 2217 1560 2251 635.ε
1585 2223 1679 2258 ψευ-

23 2260 177 2304 δόμενοι
200 2261 242 2296 δέ
265 2261 303 2296 σέ
326 2274 417 2305 φασι
439 2261 532 2302 Διὸς
554 2263 668 2306 γόνον
691 2260 876 2305 αἰγιόχοιο
901 2266 997 2296 ειναι
1022 2266 1087 2296 etc.
1113 2275 1134 2305 γ
1158 2267 1194 2296 et
1217 2276 1238 2297 ν
1262 2242 1415 2303 c6nfusa,
1439 2270 1477 2296 ut
1500 2262 1629 2305 Οό)55.
1641 2261 1678 2300 ι’,

22 2308 112 2349 895,
138 2309 387 2353 barbarumque
419 2308 530 2348 νόνος
554 2309 673 2341 sedulo
705 2314 869 2340 mutatum
894 2320 915 2342 a.
947 2314 1142 2342 correctore
1165 2309 1253 2342 male
1283 2309 1421 2342 feriato.
1452 2309 1495 2342 cf.
1520 2308 1680 2344 232-35

23 2359 60 2387 et
82 2354 222 2387 inferius
245 2355 357 2389 254-
362 2356 448 2395 261,
473 2366 514 2388 ex
539 2355 661 2399 quibus
685 2354 879 2397 intelligas,
913 2360 991 2399 post
1023 2354 1152 2387 demum
1178 2356 1240 2387 lias
1275 2366 1330 2387 res
1353 2356 1546 2398 gubernare
1568 2355 1679 2400 ipsum

23 2399 114 2433 velle
137 2400 267 2434 Jovem.
290 2401 392 2434 aliter
416 2413 453 2434 se
477 2411 533 2434 res
559 2402 663 2434 habet
683 2402 796 2434 461—
801 2402 858 2434 6‘4.
882 2419 925 2425 -—
948 2402 1057 2435 263—
1064 2401 1118 2437 68,
1142 2413 1176 2434 vi
1182 2412 1202 2432 x
1225 2400 1394 2440 adducor,
1419 2407 1458 2434 ut.
1480 2400 1679 2440 existimem,

24 2446 111 2479 haec
133 2445 242 2479 omnia
266 2449 399 2490 poetam
435 2447 659 2492 repetitisse,
697 2446 757 2478 sed
790 2445 880 2478 solos
909 2445 964 2479 hic
999 2445 1135 2489 quidem
1170 2458 1293 2480 versus
1316 2448 1395 2480 263
1419 2452 1453 2480 ct
1477 2448 1533 2483 64.
1567 2448 1609 2480 ab
1637 2458 1679 2480 eo

23 2491 188 2526 recitatos
213 2502 287 2525 esse
311 2501 414 2537 puto,
440 2495 592 2536 reliquos
616 2496 727 2525 autem
752 2502 772 2524 a
797 2492 1018 2545 grammatico
1043 2493 1098 2524 vel
1114 2492 1254 2525 librario
1278 2492 1489 2532 inculcatas,
1512 2492 1614 2536 idque
1637 2505 1678 2526 eo

23 2538 132 2581 magis
156 2537 324 2579 arbitror,
349 2550 414 2582 quo
439 2540 549 2572 fusius
573 2538 722 2593 explicat
745 2537 778 2570 in
805 2538 967 2581 proximis
990 2538 1099 2571 simile
1124 2538 1166 2571 de
1191 2550 1292 2572 cervo
1315 2538 1372 2571 wel
1386 2549 1496 2582 -capra
1515 2549 1678 2582 aegagro.

25 2585 70 2618 cf.
95 2583 144 2624 π’,
168 2584 315 2617 25-27.
338 2602 383 2609 -
407 2586 485 2620 277.
511 2585 619 2624 ειως
643 2583 739 2626 μέν.
762 2594 795 2617 v.
821 2595 899 2617 ann.
924 2584 966 2616 ad
987 2583 1035 2626 μ’,
1061 2586 1138 2619 141.
1162 2585 1198 2618 in
1220 2584 1313 2617 hisce
1334 2583 1519 2617 Addeudis.
1537 2604 1580 2608 —
1596 2586 1678 2618 280.

24 2641 90 2664 non
115 2630 201 2663 male
224 2630 323 2662 Vrat.
347 2629 369 2662 d
393 2635 430 2663 et
454 2631 587 2675 Heyn..
579 2643 587 2650 ·
621 2629 725 2672 παρὰ
756 2630 855 2663 ποσί.
888 2636 1036 2663 ceterum
1069 2630 1168 2664 simili
1192 2630 1288 2663 modo
1321 2631 1445 2673 vulgus
1478 2631 1684 2665 nostratium

23 2685 84 2709 cor
122 2676 159 2707 in
198 2676 342 2708 braccas
366 2674 488 2710 cadere
513 2675 614 2710 alicui
641 2676 746 2716 dicit,
788 2686 860 2709 cum
897 2677 1072 2718 desperat.
1097 2696 1140 2701 —
1165 2676 1244 2710 347.
1278 2676 1395 2710 verbis
1426 2676 1682 2719 francogallicis

24 2721 204 2756 Montbelii
246 2733 366 2754 nomen
408 2722 690 2755 subscribendum
723 2724 872 2754 «51.-
903 2723 982 2756 357.
1015 2732 1301 2765 γεφυρωσεν
1343 2720 1391 2756 δὲ
1429 2720 1679 2756 κέλευθον.

25 2767 125 2801 Pind.
148 2767 265 2801 Istlim.
291 2769 325 2807 8,
352 2770 428 2802 111.
453 2769 495 2800 (18
526 2768 678 2801 Achille:
711 2765 900 2810 γεφυρωσέ
926 2764 956 2802 τ’
979 2765 1190 2810 masiacum
1213 2766 1358 2802 νόστον.
1382 2785 1424 2791 -
1457 2768 1535 2802 541.
1559 2767 1682 2812 quodsi

26 2813 91 2847 1108
114 2813 165 2846 ita
188 2825 226 2846 58
251 2792 377 2854 habiat,
403 2813 519 2846 eadem
543 2812 737 2848 adhibenda
760 2813 927 2848 medicina
951 2820 1004 2847 est
1019 2814 1060 2854 λ’,
1083 2817 1162 2850 Ξ51.
1186 2833 1230 2840 —-
1254 2814 1321 2848 546
1355 2812 1543 2847 scribamus
1567 2820 1602 2847 et
1625 2814 1683 2847 hic

27 2858 134 2900 εἰσί,
158 2860 236 2893 626.
261 2857 444 2900 ἐνένιπεν,
470 2859 515 2892 (18
536 2871 605 2904 quo
631 2860 675 2894 ad
699 2857 753 2903 ψ’,
777 2859 857 2900 473,
883 2860 950 2893 Od.
970 2858 1019 2901 π’,
1043 2840 1122 2896 417.
1146 2880 1190 2885 -
1216 2857 1236 2895 ὁ
1261 2859 1301 2893 δ’
1327 2871 1456 2903 οφρα
1478 2872 1571 2902 μεν
1595 2859 1682 2895 imo:

26 2925 71 2931 —-
98 2906 360 2946 Μελάνιππον,
403 2920 422 2939 ο
446 2905 567 2948 τόφρα
590 2918 629 2947 μ.
653 2909 740 2940 etc.:
783 2917 894 2950 neque
927 2906 1012 2940 enim
1046 2907 1102 2941 hic
1133 2906 1300 2947 eandem,
1338 2917 1438 2950 quam
1471 2906 1504 2939 10
1535 2904 1603 2944 ἕως
1633 2918 1683 2948 μ,

28 2950 129 2993 141.,
151 2951 285 2998 ellipsin
310 2952 555 2998 usurpaverim.
575 2952 619 2987 de
635 2951 763 2986 litteris
787 2953 810 2988 ὃ
834 2957 869 2989 et
892 2964 912 2986 τ
936 2953 1089 2989 confusis
1113 2964 1148 2989 v
1167 2965 1212 2997 ρ,
1235 2950 1304 2989 546
1328 2958 1395 2989 etc.
1415 2971 1460 2978 —-
1484 2952 1562 2988 656.
1586 2952 1683 2998 ἴσχε
