1821 3288
93 84 181 124 234

752 85 1156 131 ΟΜΗΡΟΥ

148 191 235 234 245
267 188 479 260 ὄρχατον,
511 189 611 236 ἀλλ’
640 187 694 237 εὖ
720 210 789 238 τοι
818 196 976 263 κομιδή
1007 197 1113 251 ἔχει,
1141 198 1246 243 οὐδὲ
1275 214 1317 242 τι
1345 199 1549 271 πάμπαν,

264 247 318 290 οὐ
350 248 602 317 φυτὸν,οὐ
632 255 767 305 συκῆ,
799 251 883 294 ov'x
910 251 1126 319 ἄμπελος,
1158 253 1213 299 οὐ
1241 256 1322 311 μὲν
1351 256 1493 327 ἐλαίη,

211 307 232 329 *
261 303 345 346 οὐκ
375 304 530 362 ὄγχνη,
561 305 615 350 ού
646 308 810 362 πρασίη
840 324 908 351 τοι
937 309 1043 353 ἄνευ
1072 314 1254 366 κομιδῆς
1278 315 1390 356 κατά
1419 320 1572 371 κῆπον.

260 359 364 403 άλλο
395 364 442 405 δέ
467 379 536 406 τοι
565 363 694 417 ἐρέω,
728 364 782 406 σὺ
813 363 860 407 δε
889 366 948 420 μή
980 366 1112 421 χόλον
1141 368 1266 411 ἔνθεο
1273 373 1448 438 θυμῷ·

266 416 404 461 αὐτόν
433 418 476 462 σ’
508 418 592 462 οὐκ
625 418 770 474 άγαθή
801 422 959 477 κομιδή
989 424 1091 479 ἔχει,
1127 424 1222 469 ἀλλ’
1255 424 1343 480 ἅμα
1371 430 1510 496 γῆρας

147 474 230 516 250
261 475 469 528 λυγρὸν’
455 475 583 530 ε’χεις,
615 475 792 530 αὐχμεῖς
821 493 865 520 τε
895 483 1062 531 κακῶς,
1094 482 1166 524 καὶ
1195 481 1338 525 αἐικέα
1367 483 1502 529 ε’.σσαι

261 529 316 573 οὐ
348 531 426 584 μὲν
457 532 632 586 αἐργίης
661 549 709 587 γε
743 532 851 586 α’ναξ
881 534 992 577 ἕνεκ’
1028 536 1084 580 οὔ
1115 551 1162 581 σε
1193 540 1376 592 κομίζει,

261 586 363 630 οὐδέ
392 589 434 630 τί
461 604 530 630 τοι
561 587 767 632 δούλειον
801 590 1021 645 ἐπιπρέπει
1050 596 1362 647 εἰσοράασθαι,

259 642 411 709 [55609²
442 646 516 686 καὶ
546 645 746 699 μέγεθος·
777 649 954 703 βασιλῆι
979 649 1062 705 γὰρ
1091 651 1222 703 άνδρὶ
1252 652 1428 706 εὀικας.]

257 702 442 755 τοιούτῳ
476 701 521 744 δὲ
555 702 724 753 ἔοικας,
755 704 845 746 ἐπεὶ
876 704 1104 755 λούσαιτο,
1137 708 1288 780 φάγοι
1304 724 1372 759 τε,

146 758 229 801 255
259 746 487 827 εὑδέμεναι
517 763 740 812 μαλακῶς·
770 758 797 816 ἡ
827 761 911 816 γὰρ
943 765 1042 833 δίκη
1072 764 1159 807 ἐστὶ
1187 764 1420 833 γερόντων.

261 812 358 855 ἀλλ’
386 813 462 868 ἄγε
492 831 568 875 μοι
600 815 700 859 τόδε
731 817 818 861 εἰπὲ
848 819 918 861 καὶ
951 818 1164 873 ἀτρεκέως
1193 820 1470 872 κατάλεξον,.

256 873 332 912 τεῦ
365 871 484 924 δμως
514 876 574 922 εἰς
604 871 804 942 ἀνδρῶν,
833 879 906 918 τεῦ
938 876 979 919 δ’
1011 877 1198 931 ὄρχατον
1228 876 1560 938 ἀμφιπολεύεις,

255 928 330 969 καί
359 944 434 980 μοι
463 927 588 971 τοῦτ’
620 928 868 984 ἀγόρευσον
897 931 1134 989 ἐτήτυμον,
1166 935 1272 991 ὄφρ’
1307 939 1354 977 εὐ
1389 936 1513 987 εἰδῶ,

257 984 294 1026 εί
323 983 444 1027 ἐτεόν
473 983 516 1039 γ’
545 985 722 1041 Ἰθάκην
750 988 877 1042 τήνδ’
910 990 1101 1058 ἱκόμεθ’,
1133 992 1193 1041 ὥς
1223 1008 1297 1045 μοι
1327 992 1468 1034 εἐιπεν

141 1046 225 1086 260
256 1057 386 1091 ovw9
417 1040 543 1114 dmm,
561 1046 646 1085 νῦν
677 1043 730 1097 δὴ
762 1046 1059 1101 ξυμβλημενος
1090 1048 1243 1092 ἐνθάδ’
1279 1049 1413 1100 ιόντι,

256 1096 353 1140 οὔτι
383 1097 488 1153 μάλ’
518 1098 766 1155 ἀρτίφρων,
797 1102 888 1145 ἐπεὶ
918 1103 972 1148 οὐ
1001 1105 1212 1162 τόλμησεν
1241 1104 1402 1149 ἕκαστα

84 1243 269 1294 plicatione
295 1241 648 1300 ἀνεπιστημοσύνης.
653 1249 676 1265 “
719 1245 801 1280 item
825 1250 891 1304 Ap.

82 1302 114 1324 v.
142 1287 373 1347 α’δαήμονεςε
406 1310 452 1316 —
488 1289 829 1350 026otnpto⁶m⁷ſs
866 1292 890 1338 ἡ

83 1336 253 1379 ἀπειρία·
280 1332 309 1370 ὦ
332 1336 472 1382 γέρον
495 1358 541 1362 -
564 1337 782 1382 ὄρχατον.
824 1341 889 1373 hoc

82 1384 273 1427 recepimus
329 1391 473 1417 auctore
527 1385 733 1418 Buttmanno
777 1386 887 1419 Lesil.

82 1432 114 1464 2
143 1441 174 1473 p.
203 1430 281 1464 136.
294 1455 304 1471 ,
338 1431 466 1474 quippe
491 1431 600 1464 altero
623 1431 691 1464 isto
717 1429 888 1475 ἀναλογι-

82 1475 253 1520 κώτερον.
287 1476 332 1508 cf.
357 1477 535 1511 Ruhnken.
560 1488 636 1510 ann.
662 1478 705 1510 ad
730 1477 887 1534 Xenoph.

83 1523 185 1558 Mem,
210 1522 308 1555 Socr.
335 1523 376 1560 3,
400 1524 443 1562 9,
471 1525 502 1556 6
531 1540 575 1546 --
607 1522 675 1556 α’δ.
708 1522 746 1556 σ’
782 1522 889 1577 ἔχει,

48 1579 62 1588 ¹
83 1575 121 1601 ut
147 1569 209 1602 ινα
232 1581 296 1610 μιν
323 1567 424 1607 κλέος
447 1567 581 1602 ἐσθλὸν
607 1568 729 1614 ε’χῃσιν
762 1567 810 1612 α’,
845 1571 890 1604 95

82 1620 148 1649 etc.
175 1633 216 1638 —-
245 1613 626 1671 ἀμφιπολεύειν,
653 1626 794 1656 curare,
831 1626 890 1648 co-

81 1661 162 1694 lere.
198 1661 276 1704 257,
302 1658 345 1702 σ’,
369 1662 451 1702 253,
475 1660 522 1702 ν’,
547 1662 604 1696 78.
629 1679 674 1686 -
706 1659 759 1696 οὗ
793 1658 890 1705 μὲν,

82 1705 129 1743 ον’
150 1706 236 1752 μήν.

126 1765 206 1799 247.
258 1760 428 1808 ὄγχνη,
454 1758 520 1797 οὖ.
563 1762 671 1797 erasis
696 1762 888 1804 durissima,

81 1823 144 1845 nec
169 1810 400 1853 comparanda
425 1808 499 1862 iffi,-
536 1820 602 1852 qua
637 1810 890 1853 deproperatur

80 1857 348 1901 monosyllabum
374 1862 435 1888 aut
458 1854 596 1888 minoris
635 1867 701 1888 vox
726 1856 891 1900 ponderis

81 1916 179 1947 quam
205 1900 464 1936 substantimum
497 1912 530 1933 v.
557 1902 640 1942 115,
664 1899 709 1942 6'‚
735 1903 820 1943 165,
851 1901 890 1934 ll.

80 1948 125 1990 ν’,
148 1950 216 1985 777
250 1955 316 2004 etf‘
354 1959 460 1992 quare
493 1947 661 1991 suspicor.
697 1926 890 2002 ponen'dum

82 2008 156 2029 esse
182 1992 251 2030 οὐκ
276 1993 406 2038 ὄγχνη,
432 1996 589 2037 πρασιη,
614 1992 666 2037 τῷ
695 1990 741 2028 οὗ
766 1994 891 2035 deleto,

83 2042 173 2086 quod
208 2040 434 2074 inculcaverit
478 2040 677 2084 imperitus,
721 2051 793 2073 cum
826 2040 892 2073 huc

83 2090 258 2134 pertineat
290 2085 460 2130 particula
491 2085 640 2129 negandi
671 2097 714 2118 ex
736 2086 891 2139 superio-

84 2136 198 2175 ribus,
231 2132 345 2176 ellipsi
369 2138 448 2165 ante
473 2131 643 2164 dictorum
668 2132 760 2164 haud
783 2132 892 2164 inusi-

82 2186 164 2214 tata.
193 2192 226 2213 v.
253 2190 330 2212 ann.
356 2180 400 2212 ad
435 2174 482 2218 α’,
516 2179 584 2213 349
619 2183 684 2210 etc.
734 2181 772 2210 A.
796 2179 829 2211 3.
857 2183 892 2211 et

80 2227 138 2268 4.,
160 2226 238 2260 Ald.
261 2226 294 2259 3.
320 2228 355 2257 et
381 2224 519 2267 Etyma
546 2220 656 2266 ὄχνη,
692 2234 759 2267 quo
785 2223 889 2261 Bam.

81 2279 222 2326 arrepto
247 2270 414 2314 expedire
446 2269 513 2302 sibi
538 2270 631 2302 visus
657 2276 710 2302 est-
733 2275 887 2313 metrum,

81 2319 180 2362 quasi
205 2317 289 2351 vel’
278 2318 366 2360 όχνη
387 2316 572 2359 legeretur
585 2315 674 2360 apud
694 2316 888 2359 Homerum,

82 2365 138 2397 vel
165 2374 246 2397 usus
272 2366 345 2408 ejus
371 2361 606 2406 permitteret,
634 2368 670 2394 ut
697 2361 797 2404 hujus
824 2373 887 2395 vo-

83 2411 132 2444 cis
157 2410 249 2455 prior
269 2409 516 2452 corriperetur,
541 2419 632 2441 more
655 2408 857 2441 Atticorum.

127 2471 344 2506 248—252.
401 2467 540 2503 ἔνθεο
573 2469 724 2513 θυμῷ.
772 2471 818 2504 cf.
849 2469 892 2513 λ’,

85 2520 171 2558 101,
205 2515 253 2556 α’,
284 2518 350 2552 361
377 2520 443 2547 etc.
477 2533 522 2538 —
563 2515 616 2548 E:
657 2515 698 2550 τὸ
733 2514 774 2550 δε
806 2515 892 2552 οὐκ

85 2562 244 2607 ἀγαθή
270 2575 316 2598 σε
337 2558 483 2615 (ἀγαθὴ
506 2558 562 2614 σέ)
586 2564 729 2603 κομιὸ
747 2562 768 2606 ἠ
795 2562 890 2607 ε’χει

85 2608 232 2644 ἀστεῖον
257 2607 332 2643 ἐστι
355 2604 553 2651 ῥητορικὸν
582 2604 802 2643 α’ντίθετον·
834 2609 890 2644 λε’-

85 2669 140 2712 γει
163 2669 247 2700 γαρ,
283 2654 332 2694 ὡς
357 2653 375 2688 ὁ
401 2666 467 2691 μεν
493 2654 609 2696 κῆπος
639 2654 711 2698 ἔχει
734 2656 893 2699 κοιιιδὴν

85 2700 159 2737 ὑπὸ
185 2704 274 2743 σοῦ,
299 2714 344 2737 ον
374 2699 414 2735 ds
438 2712 506 2734 ουκ
531 2712 620 2743 εχεις
642 2701 710 2745 τήν
735 2703 893 2736 δέουσαν

84 2748 253 2792 κομιδήν.
277 2767 322 2774 -
355 2747 397 2781 τὸ
423 2744 462 2780 ὸε
488 2745 688 2789 αὐχμεῖς
723 2749 890 2792 (squales)

86 2795 237 2834 κακῶς
271 2792 504 2851 ἐχρησίμενσε
538 2793 599 2827 καὶ
644 2795 696 2838 τῷ
730 2797 891 2841 Κωμικῷ

87 2843 140 2880 εἰς
165 2852 317 2884 σκωμμα
350 2838 389 2874 ἐν
423 2842 506 2879 ταῖς
540 2828 738 2897 Νεφέλαις.
775 2844 892 2884 (Stre-

88 2887 224 2944 psiades
259 2886 354 2921 Nub.
381 2884 483 2920 433.:
512 2898 582 2920 ννν
616 2883 683 2921 οὖν
705 2887 892 2945 χρήσθων

88 2931 112 2970 ὅ
135 2946 170 2969 τι
193 2932 414 2980 βούλονται·
444 2932 558 2969 Τοντι
572 2931 615 2968 τό
633 2931 672 2978 γ’
697 2930 787 2978 ἐμὸν
801 2931 892 2980 σῶμ’

939 1248 1107 1286 αὐτοῖσιν
1133 1251 1287 1297 Παρέχω
1310 1250 1482 1290 τύπτειν,
1505 1249 1656 1292 πεινῆν,
1689 1247 1746 1281 δι’

936 1298 1037 1342 ψῇν,
1062 1295 1238 1341 Αὕχμεῖν,
1264 1298 1411 1354 ῥιγοῦν,
1437 1294 1549 1331 ἀσκὸν
1573 1294 1744 1337 δαίρειν.)

937 1343 1072 1387 αὐχμεῖ
1115 1343 1154 1379 δὲ
1195 1347 1316 1385 κακῶς
1349 1341 1369 1380 ὁ
1402 1344 1462 1378 καὶ
1496 1339 1616 1386 ρυπον
1651 1339 1744 1384 ἔχων
1799 1351 1801 1353 ·

935 1391 1030 1425 κατὰ
1052 1388 1119 1424 τὸν
1149 1391 1335 1447 Λαέρτην,
1368 1391 1429 1426 καὶ
1462 1387 1640 1424 ἅλουτῶν.
1687 1387 1744 1442 γί-

935 1449 1036 1471 νεται
1060 1435 1100 1471 δε
1124 1436 1168 1471 τό
1195 1437 1370 1481 αὐχμεῖν,
1395 1434 1516 1479 ὥσπερ
1540 1435 1603 1469 καὶ
1629 1431 1649 1468 ὃ
1675 1429 1742 1467 ocv’-

933 1482 1040 1527 χμὸς,
1065 1496 1168 1527 παρα
1190 1484 1233 1517 τὸ
1259 1482 1338 1518 αὔω
1366 1482 1408 1518 τὸ
1437 1482 1611 1526 ξηραίνω,
1635 1483 1744 1514 πλεο-

935 1531 1062 1575 νασμῷ
1088 1528 1240 1572 δασέος,
1276 1527 1326 1570 ὥς
1357 1528 1418 1563 καὶ
1450 1527 1489 1564 ἐν
1525 1527 1576 1571 τῷ
1609 1528 1743 1571 βρυχη-

934 1574 1033 1618 θμὸς
1063 1577 1201 1619 γίνεται
1236 1590 1267 1610 κ.
1307 1579 1385 1614 τοῖς
1427 1573 1516 1618 ὁμοί
1539 1585 1572 1613 ις
1605 1578 1670 1606 etc.
1697 1590 1741 1597 —

935 1620 1219 1666 ἐπιπρέπει,
1245 1623 1460 1666 conspicuum
1485 1625 1556 1660 esi,
1581 1621 1740 1663 apparet.

981 1679 1060 1712 253.
1109 1689 1230 1712 versus
1254 1690 1272 1711 e
1295 1678 1375 1712 374.
1402 1678 1503 1721 hujus
1526 1675 1626 1718 libri,
1649 1673 1743 1719 11.y'‚

937 1725 1013 1759 170
1041 1728 1076 1757 et
1109 1723 1275 1758 similibus
1307 1723 1391 1757 locis
1431 1722 1617 1763 conflatus,
1651 1734 1743 1756 ταυ-

934 1769 1104 1813 τολόγος,
1136 1782 1198 1803 nec
1230 1770 1437 1806 cohaerens
1450 1780 1525 1801 cum
1557 1767 1620 1809 iis,
1654 1779 1743 1812 quae

937 1823 1141 1860 sequuntur,
1181 1819 1218 1849 ut
1253 1815 1287 1848 in
1322 1816 1448 1860 quibus
1483 1824 1582 1848 senes
1611 1818 1743 1847 tantum

937 1863 1040 1906 paulo
1063 1862 1238 1895 beatiores
1260 1861 1441 1901 dicantur,
1463 1871 1530 1894 non
1554 1870 1626 1893 rex·
1649 1858 1743 1892 scili-

937 1915 993 1942 cet
1017 1909 1131 1941 verbis
1157 1903 1246 1943 ουδέ
1269 1907 1305 1941 τί
1329 1920 1388 1941 τοι
1419 1925 1464 1933 --
1496 1904 1744 1949 εἰσοράασθαι

938 1954 1052 1988 nescio
1077 1954 1152 1998 quis
1186 1953 1383 1997 explicandi
1412 1952 1526 1997 gratia
1558 1952 1744 1996 adscripsit

938 1998 1038 2039 εἶδος
1076 1999 1137 2034 καὶ
1175 2001 1351 2043 μέγεθος,
1390 2009 1464 2031 mox
1503 1997 1590 2032 alius
1634 2009 1742 2042 parvo

938 2046 1116 2090 dispendio
1155 2046 1339 2090 complevit
1370 2055 1525 2086 versum,
1559 2043 1658 2088 cujus
1689 2043 1744 2078 rei

936 2104 1102 2138 perquam
1127 2092 1245 2136 cupidi
1265 2097 1343 2125 sunt
1365 2090 1513 2125 librarii.

982 2145 1459 2190 254-261.1020vzqo
1483 2165 1530 2172 -—
1552 2144 1744 2190 εὖδέμε·

935 2208 1017 2230 ναι
1039 2195 1269 2238 μαλακως.
1315 2199 1416 2229 notus
1440 2193 1576 2227 dicendi
1600 2194 1741 2235 modus,

935 2242 970 2276 h.
1004 2253 1035 2275 e.
1068 2243 1239 2281 τοιοῦτος
1273 2239 1327 2285 εἴ,
1364 2239 1442 2279 οἷος
1474 2237 1674 2281 λονεσθαι,
1706 2252 1741 2273 κ.

934 2288 1028 2331 μετα
1052 2285 1093 2322 τὸ
1120 2286 1298 2332 ἐμφαγεῖν
1330 2288 1553 2343 κοιμᾶσθαι,
1587 2285 1634 2321 οὕ
1666 2285 1741 2329 μήν

934 2334 997 2368 καὶ
1020 2333 1138 2378 ἔργοις
1169 2333 1381 2377 ἐπιπρέπεις
1412 2331 1604 2386 άνδρικοῒς
1634 2332 1742 2376 (fort.

935 2377 1153 2425 ἀγροίκοις),
1176 2387 1214 2415 ut
1238 2381 1270 2414 E
1295 2379 1454 2435 exponit.
1472 2390 1506 2412 v.
1532 2376 1577 2424 β,
1600 2381 1646 2414 60
1669 2385 1738 2413 etc.

939 2426 1091 2461 —idem
1116 2427 1166 2461 Ε·
1199 2439 1242 2461 το
1281 2426 1321 2461 δὲ
1355 2423 1377 2469 ἡ
1401 2437 1490 2470 γαρ
1515 2442 1554 2449 —-
1581 2422 1740 2481 γερόν-

933 2487 1024 2508 των
1056 2472 1270 2530 ἀπόφανσίς
1308 2472 1384 2509 ἐστι
1425 2470 1537 2514 σεμνὴ
1575 2468 1738 2516 γνωμικὴ

935 2533 1030 2555 κατα
1055 2520 1097 2555 τὸ
1130 2521 1183 2554 τό
1216 2533 1303 2563 γαρ
1333 2518 1479 2574 γέρας
1516 2517 1620 2552 εστι
1654 2518 1741 2553 θα-

935 2565 1112 2601 νόντων
1138 2568 1244 2610 (296,
1268 2566 1307 2599 Il.
1331 2563 1380 2605 π,
1415 2564 1513 2606 457),
1546 2562 1628 2598 καὶ
1660 2576 1740 2598 αν-
1801 2589 1805 2599 .

934 2626 989 2657 τη
1020 2626 1099 2648 τοι
1138 2615 1252 2668 δίκη
1289 2610 1387 2646 ἐστὶ
1417 2611 1538 2646 θεοῦ
1554 2610 1660 2668 (sic,
1694 2607 1740 2651 τ’,

936 2660 1012 2701 43),
1045 2659 1106 2694 καὶ
1132 2655 1203 2693 ὅσα
1227 2660 1394 2692 τοιαῦτα.
1430 2676 1476 2683 ——
1515 2652 1660 2696 οὗτος
1695 2653 1739 2689 ἀ·

938 2703 1037 2749 νὴρ,
1061 2707 1086 2738 ἰ
1080 2711 1124 2738 te
1147 2707 1211 2747 vir,
1236 2704 1430 2738 contemtia]
1459 2703 1564 2744 dixit,
1589 2707 1628 2735 ut
1650 2700 1738 2736 τού-

937 2764 1024 2791 τους
1059 2750 1103 2797 β’,
1135 2753 1189 2786 74.
1204 2777 1212 2792 ,
1252 2754 1386 2785 τοῦτον
1418 2763 1461 2793 ρ,
1492 2751 1572 2784 393.
1629 2748 1737 2781 minus

937 2805 1034 2832 recte
1065 2800 1134 2831 Am.
1162 2797 1226 2837 Q.=
1260 2792 1403 2835 οὗτος
1435 2793 1577 2838 α’νήρ.
1600 2795 1738 2829 δεικτι-

936 2857 1026 2884 κως,
1060 2841 1079 2878 6
1114 2843 1242 2889 σχεδὸν
1271 2841 1343 2877 ὑπ’
1378 2841 1469 2886 ὄψιν
1501 2841 1737 2885 φαινόμενος.

937 2891 999 2923 Ε.;
1031 2889 1073 2924 τὸ
1106 2889 1146 2924 δὲ
1181 2902 1323 2930 ουτος
1352 2908 1399 2915 -·
1428 2888 1674 2947 ἀρτίφρων
1707 2903 1740 2924 κ.

936 2937 1019 2980 ἑξῆς
1042 2934 1160 2982 ψόγος
1184 2935 1260 2972 ἐστὶ
1284 2937 1352 2975 τοῦ
1384 2949 1435 2982 μη
1472 2934 1624 2979 ἐντελῶς
1660 2938 1744 2974 δια.-
