1821 3288
85 106 143 146 44

728 102 1125 144 ΟΜΗΡΟΥ

199 209 472 265 5*Ἀρναΐος
499 207 546 254 δ’
576 209 707 269 ἔννομ’
739 210 836 255 ἔσκε
865 209 935 264 (τὸ
963 210 1049 266 γὰρ
1078 210 1183 255 θέτο
1215 210 1375 255 πότνια
1406 212 1548 271 μήτηρ

256 267 306 311 ἐκ
336 270 554 340 γενετῆς)·
581 270 707 321 Ἰρον
736 269 782 311 δὲ
811 267 906 310 νέοι
933 271 1172 337 κίκλησκον
1201 268 1401 319 ἅπαντες,

255 323 409 367 οὕνεκ’
439 324 753 396 ἀπαγγέλλεσκε
782 340 905 376 κιων,

936 340 1008 368 ote
1036 325 1126 368 πού
1159 341 1224 375 τις
1253 342 1433 382 ανωγοι

254 380 305 430 ὅς
336 380 382 436 ῥ’
416 380 559 424 ἐλθών
588 379 784 435 Ὀδυσῆα
814 379 995 424 διώκετο
1026 379 1097 424 οἷο
1132 381 1301 436 δόμοιο

253 439 331 481 καί
355 454 435 498 μιν
460 438 657 481 νεικείων
686 438 791 480 ἔπεα
822 437 1060 491 πτερόεντα
1089 437 1341 507 προσηύδα·

169 499 221 540 10

338 492 495 546 ,,Εἷκε,
522 494 669 549 γέρον,
703 492 956 547 προθύρου,
977 494 1036 549 μή
1066 493 1120 549 δὴ
1136 495 1255 561 τάχα
1283 495 1357 538 καὶ
1385 494 1525 546 ποδὸς
1553 494 1693 552 ἕλκῃ]

251 567 338 594 ουκ
368 550 488 602 α’ῖεις,
519 568 586 593 οτι
616 550 670 605 δή
699 566 776 604 μοι
807 551 1099 602 ἐπιλλίζουσιν
1129 550 1347 623 ἅπαντεςῦ

257 607 483 676 ἑλκέμεναι
514 608 559 650 δὲ
589 608 816 656 κέλονται,·
847 606 930 660 ἐγω
962 605 1010 649 δ’
1043 607 1304 663 αἰσχύνομαι
1333 625 1480 664 εμπης.

252 663 354 708 ἀλλ’
387 663 484 714 α’να,
515 662 573 732 μη
601 662 711 734 τάχα
742 667 853 705 νῶϊν
884 663 971 715 ἔρις
1000 665 1074 705 καὶ
1103 665 1221 717 χερσὶ
1253 664 1443 719 γένηται.
1457 669 1482 690 “

337 720 427 763 Τὸν
457 719 501 762 δ’
540 717 612 770 ἄρ’
641 719 816 773 ὑπόδρα
855 721 964 762 ἰδών
994 723 1194 789 προσέφη
1223 721 1466 793 πολύμητις
1492 718 1749 771 Ὀδυσσεύς

167 778 222 822 15
250 774 503 846 ,,δαιμόνι’,
533 776 635 820 οὔτε
663 778 705 818 τί
736 788 782 819 σε
813 777 858 830 ῥε
850 778 917 829 ’ζω
946 777 1102 828 κακόν,
1135 776 1235 819 οὔτ’
1232 777 1471 846 Πάγορεύω,

253 833 358 876 οὔτε
388 850 486 875 τινα
515 833 696 888 φθονέω
728 834 922 888 δόμεναι,
953 835 1028 875 καὶ
1056 832 1182 876 πόλλ’
1216 833 1270 875 ἅν
1263 834 1442 876 ελόντα.

252 888 390 941 οὐδός
420 889 460 933 δ’
493 890 772 945 ἀμφοτέρους
804 890 877 934 ὅδε
906 893 1102 946 χείσεται,
1139 888 1241 934 οὐδὲ
1271 893 1312 933 τί
1343 903 1388 933 σε
1418 888 1498 946 χρὴ

249 945 495 1003 ἀλλοτρίων
524 949 758 1004 φθονέειν·
791 947 956 999 δοκέεις
987 947 1032 992 δέ
1061 964 1137 1004 μοι
1166 945 1279 991 εἶναι
1311 947 1484 1005 ἀλήτης,

78 1103 181 1139 etiam
203 1103 254 1147 π’,
279 1104 360 1142 143.
395 1106 509 1152 posuit
537 1107 641 1141 Barn.
653 1131 663 1150 ‚
695 1117 759 1141 nec
790 1107 891 1150 male,

78 1162 151 1184 cum
173 1153 269 1196 prior
293 1156 365 1188 τοῦ
383 1156 504 1189 πίνειν
519 1165 634 1198 sempe
619 1165 652 1186 r
666 1154 890 1209 producatur,

76 1208 143 1230 non
178 1200 257 1232 item
292 1201 365 1234 τοῦ
398 1204 495 1235 πιεῖν
527 1212 588 1233 seu
612 1213 670 1234 πιε
674 1213 760 1242 Ιι.ιιει
787 1212 818 1233 V.
846 1213 889 1241 ο,

76 1245 155 1279 377.
180 1246 289 1287 magis
314 1246 462 1281 dwertit
486 1246 562 1280 Ald.
587 1247 632 1286 3.,
655 1246 690 1279 in
710 1258 777 1291 qua
800 1247 889 1290 legi-

76 1294 132 1322 tur
155 1293 317 1335 φαγέμεν
341 1291 409 1338 ἥδε
433 1292 572 1349 πιέμεν.
597 1303 680 1326 sane
704 1293 888 1336 genuinum

77 1341 158 1380 puto
184 1339 269 1372 hoc:
293 1357 336 1365 —
373 1353 480 1384 ‹pocyq
514 1338 571 1374 ἰδὲ
602 1337 764 1382 πινέμεν.
808 1339 888 1373 καὶ

75 1383 119 1415 ab
144 1384 358 1428 explicatore
384 1388 572 1430 profectum
597 1391 672 1425 est3
699 1386 752 1418 vel
779 1391 888 1419 metro

74 1430 191 1463 nescio
217 1432 293 1475 quis
323 1433 443 1476 inepte
476 1438 631 1467 metuens
663 1432 713 1467 ita
736 1432 889 1476 scripsit,

75 1480 114 1508 ut
137 1474 186 1519 π’,
201 1477 290 1532 5143.
305 1498 347 1504 ——
370 1479 423 1513 Ε·
446 1479 491 1519 ἲς
514 1477 554 1514 δὲ
575 1477 745 1523 διαφέρει
764 1476 888 1523 βίας,

75 1518 134 1556 ὅτι
161 1519 257 1567 αυτή
290 1523 361 1568 μὲν
398 1525 453 1561 ἐπὶ
480 1539 543 1561 νεν
550 1539 624 1569 ρων
648 1528 887 1569 κυριολεκτεῖ-

74 1581 148 1609 ται,
172 1569 195 1614 ἡ
220 1572 286 1616 βία
310 1571 357 1611 δὲ
377 1570 435 1608 ἐπὶ
461 1570 636 1617 ἰσχύος,
621 1570 645 1618 ἢ
671 1572 808 1617 ῥώμης.

117 1617 150 1650 5.
178 1618 369 1654 πότνια
392 1618 558 1665 μήτηρ.
594 1630 729 1659 vereor,
756 1624 795 1652 ut
819 1618 887 1652 ab-

68 1661 155 1706 jecti
180 1664 324 1698 hominis
347 1670 458 1699 mater
476 1672 558 1711 apte
578 1670 723 1699 vocetur
740 1663 886 1699 πότνια.

73 1720 93 1742 e
117 1707 156 1750 ζ’,
182 1712 239 1745 30.
266 1711 412 1756 aliisque
433 1713 516 1746 locis
531 1712 773 1755 consimilibus,
799 1723 888 1756 quo-

71 1765 143 1788 rum
169 1757 299 1790 affatim
323 1764 379 1791 est
404 1759 494 1803 apud
518 1762 668 1804 poiitam,
692 1759 729 1792 id
754 1758 887 1792 adscri-

72 1801 184 1845 psisse
207 1803 361 1838 arbitror
385 1805 555 1844 librarios,
583 1816 656 1838 cum
683 1805 888 1858 praesertim

72 1848 110 1881 A.
127 1849 160 1881 3.
187 1849 314 1883 habeat
338 1851 440 1896 δειλὴ
463 1850 585 1896 μήτηρ
611 1862 673 1896 pro
699 1849 826 1894 δονλη,
852 1855 888 1884 et

71 1894 186 1938 Etym.
223 1895 246 1929 Ι.
281 1909 311 1930 c.
347 1898 436 1939 hoc,
473 1899 566 1943 quod
602 1897 724 1931 merito
759 1897 888 1942 placuit

69 1939 290 1983 Buttmanno,
317 1950 440 1987 estque
463 1950 638 1999 receptum
664 1943 886 1988 aKn'nghtio·

69 1984 115 2021 τὸ
139 1987 210 2033 γὰρ
235 1989 327 2024 θέτο
353 1991 398 2025 οῖ’
415 2002 505 2026 ποτε
529 1989 664 2034 μήτηρ.

115 2035 237 2069 6-9.
269 2035 324 2069 Ε·
349 2032 474 2078 Ιρος
498 2035 538 2072 δὲ
561 2036 656 2071 κατὰ
681 2032 751 2069 τὸν
758 2047 885 2091 Ηποιη-

68 2076 138 2124 τὴν
151 2079 265 2136 παρὰ
289 2082 331 2116 τό
361 2084 447 2126 εἴρω
473 2084 566 2125 (sive.
591 2081 699 2142 ἴρω),
722 2080 766 2116 ‘cd
793 2081 884 2139 λέγω

67 2139 101 2160 κ.
137 2124 374 2173 ἀπαγγέλλω,
409 2128 502 2165 ὅθεν
526 2131 589 2165 καὶ
620 2127 642 2172 ἡ
661 2126 770 2171 Ἶρις,
802 2141 836 2162 κ·
862 2142 883 2164 0

63 2171 214 2229 Ἑρμῆς.
250 2175 324 2233 (2)
351 2194 401 2202 --
438 2177 554 2211 Harl&
597 2175 646 2212 ἐκ
686 2176 885 2220 γενετῆς

68 2218 141 2262 (ω’,
169 2221 270 2265 535).
307 2219 358 2256 ἐκ
389 2224 566 2267 γενεῆς
603 2223 676 2266 (ita
712 2223 754 2254 A.
773 2222 807 2256 2.
839 2227 885 2272 ..et

67 2266 221 2321 Alton),
253 2268 380 2323 διχῶς.
404 2287 452 2294 -
482 2270 541 2303 ΕΑ
569 2268 777 2304 διώκετο
804 2266 882 2303 οἷο

67 2311 268 2356 δόμοιο,
302 2313 389 2350 ἀντὶ
412 2317 481 2351 τοῦ
503 2313 653 2351 ἐδίωκεν
681 2327 722 2349 εκ
745 2315 815 2348 τοῦ
849 2315 883 2350 ἰ-

67 2360 154 2394 δίου
179 2360 299 2396 οἴκου.
343 2360 580 2406 ιένεργητικήν
602 2362 672 2407 γὰρ
697 2362 882 2405 σημασίαν

68 2404 141 2462 ε’χει
164 2409 234 2441 νῦν
256 2405 300 2442 τό
325 2408 569 2444 ἐδιώκετο.
595 2409 717 2444 ἰστέον
741 2406 782 2442 δε
806 2408 880 2450 καὶ,

67 2465 126 2489 οτι
155 2452 197 2488 τὰ
233 2455 304 2489 τοῦ
320 2451 422 2497 Ἰρου
454 2454 574 2495 ὄνομα
599 2454 748 2500 φέρεται
777 2453 882 2499 μέχρι

66 2499 130 2534 καὶ
153 2501 224 2534 νῦν
251 2502 361 2544 παραὶ
392 2504 471 2559 τοῖς
501 2501 666 2546 ὕπερθεν
691 2501 880 2545 Σινώπης,

67 2544 106 2580 οἳ
137 2546 203 2581 τὸν
231 2547 315 2581 λίαν
338 2550 492 2605 πτωχόν
523 2547 884 2604 υποβαρβαρίζοντες

67 2592 138 2637 (?)
169 2591 315 2638 πτωχόν
352 2593 461 2638 &1902-
497 2596 597 2640 (72)
632 2596 811 2639 λέγουσιν.
835 2615 883 2622 --

65 2640 145 2674 καί
177 2652 254 2683 μιν
288 2659 331 2664 -
367 2642 634 2686 προσηύδα.
677 2642 720 2674 de
752 2641 880 2686 duplici

66 2686 267 2721 accusativo
301 2697 336 2719 v.
373 2687 502 2723 Matth.
537 2690 573 2734 §.
605 2688 693 2729 410,
717 2688 771 2728 b.‚
799 2688 880 2728 169,

65 2729 116 2771 π’,
139 2732 221 2773 460,
245 2730 290 2775 ρ’,
313 2731 386 2768 495
410 2739 478 2769 etc.
503 2754 549 2760 —
571 2735 819 2775 νεικείων,
844 2733 880 2769 ἐ-

67 2779 189 2821 ρίζων.
235 2778 277 2812 ΙΙ.
301 2776 351 2823 β’..
384 2781 452 2815 243
477 2785 546 2816 etc.
585 2793 622 2815 v.
645 2781 678 2814 Ε
704 2781 748 2814 ad
773 2782 882 2816 verba

66 2824 143 2870 ἔρις
164 2843 207 2851 -
231 2824 383 2868 γένηται
408 2828 463 2861 13.

116 2869 413 2913 10-13.εῖκε,
443 2885 476 2917 γ.
487 2898 498 2914 ,
531 2867 806 2917 προθνρου.
837 2871 880 2907 11.

69 2928 108 2958 ε,
130 2918 234 2953 348.-
270 2915 358 2959 εἷκε,
391 2919 483 2960 Διὸς
506 2918 691 2975 θύγατερ,
715 2914 881 2964 πολέμου

67 2962 129 2999 καὶ
162 2964 376 3009 δηϊοτῆτος.
405 2983 452 2992 -
490 2961 583 3002 οὐκ
613 2965 769 3010 ἀΐεις,
811 2978 880 3000 uon

937 1105 1070 1140 sentis?
1110 1106 1176 1150 Ap.
1214 1116 1248 1140 v.
1274 1103 1513 1148 ἕπιλλίεζουσι
1547 1102 1617 1149 οὔχ
1650 1116 1753 1150 ορμς,

937 1164 1028 1197 quae
1052 1153 1383 1196 est111terpretat1o
1409 1164 1442 1187 v.
1471 1164 1547 1186 ann
1573 1152 1616 1185 ad
1639 1150 1678 1184 ΙΙ.
1703 1164 1748 1191 κ,

939 1202 1016 1234 160.
1054 1205 1147 1232 cete.
1151 1210 1202 1231 um
1229 1199 1412 1257 Sophista:
1447 1198 1637 1240 ἐπιλλίζειν
1673 1195 1749 1231 ἐστὶ

935 1245 978 1280 τὸ
1004 1243 1092 1283 τούς
1117 1243 1342 1288 οφθαλμούς
1364 1244 1621 1290 ἐπικατακλᾲν.
1653 1243 1750 1286 (dis-

934 1296 1104 1335 torquere.
1130 1292 1251 1324 Horat.
1277 1292 1352 1324 Sat.
1378 1293 1411 1332 1,
1438 1294 1472 1333 9,
1497 1292 1572 1326 64.·
1604 1296 1749 1330 nutans,

935 1337 1165 1395 Distorquens
1183 1337 1313 1375 oculos,
1337 1342 1377 1370 ut
1392 1349 1446 1370 me
1470 1336 1645 1379 eriperet.)
1670 1338 1746 1370 Am.

933 1385 975 1418 2:
1001 1382 1140 1418 επιλλ.
1180 1382 1395 1418 διανεύουσι
1418 1387 1497 1424 τοῖς
1521 1383 1748 1426 ὀφθαλμοῖς.

935 1430 1030 1464 ἴλλοι
1061 1429 1131 1474 γὰρ
1167 1430 1204 1463 οὶ
1238 1429 1444 1475 ὀφθαλμοὶ,
1470 1430 1542 1475 (2)
1568 1429 1641 1464 ἀπὸ
1675 1428 1744 1463 τοῦ

934 1478 1135 1512 εἰλεῖσθαι·
1161 1473 1254 1512 ὅθεν
1278 1476 1319 1512 τὸ
1345 1478 1425 1511 δεν
1437 1478 1606 1512 δίλλων
1631 1475 1688 1520 (ΙΙ.
1707 1473 1745 1516 ι’,

935 1525 1032 1566 180).
1066 1528 1163 1556 recte
1187 1523 1237 1556 E.-
1263 1542 1306 1549 —
1341 1521 1438 1564 ἰλλὸς
1471 1524 1535 1567 (v.
1558 1523 1663 1556 Schn.
1687 1533 1744 1555 vv.

934 1570 1046 1612 ἰλλὸς,
1071 1569 1190 1629 ἴλλω)
1219 1567 1237 1604 6
1255 1570 1435 1615 στραβός.
1475 1570 1585 1603 idem:
1611 1565 1745 1612 ὅμοιον

934 1616 976 1651 δέ
999 1630 1035 1650 τι
1059 1618 1121 1652 καὶ
1145 1629 1186 1650 το
1204 1616 1401 1651 δενδίλλειν
1425 1616 1518 1660 πρὸς
1541 1615 1583 1649 τὸ
1611 1614 1747 1650 ε’πιλλι-

934 1664 1020 1705 ζειν.
1047 1664 1103 1716 (9)
1129 1662 1164 1697 οἱ
1188 1663 1316 1706 μέντοι
1341 1661 1496 1710 ὕστερον
1521 1662 1580 1697 ἐπὶ
1607 1664 1745 1718 βασκα-

933 1713 1017 1749 νίας
1041 1707 1083 1743 τό
1109 1707 1300 1751 ἐπιλλίζειν
1325 1712 1429 1752 φασί.
1471 1711 1585 1754 δῆλον
1611 1706 1651 1743 δ’
1657 1735 1664 1748 ,
1687 1705 1745 1743 ὅτι

932 1754 974 1791 ἐκ
1001 1758 1070 1792 τοῦ
1102 1758 1298 1800 εἰρημένου
1323 1757 1425 1791 ἰλλοῦ
1457 1755 1602 1812 ε’χουσιν
1627 1752 1747 1810 ἄφορ-

933 1802 1008 1847 μήν
1042 1802 1102 1837 καὶ
1139 1803 1332 1843 ἰλλοὶδες
1374 1817 1412 1837 αι
1446 1802 1485 1838 ἐν
1515 1801 1645 1836 Ἰλιάδι
1674 1798 1746 1844 (ν’,

933 1849 1030 1893 572)
1063 1850 1133 1902 τοῦ
1166 1848 1471 1893 ε’τυιιολογεῖσθαι
1503 1854 1570 1883 etc.
1594 1869 1640 1876 -
1671 1847 1747 1892 ἔμ-

933 1908 1042 1940 πης,
1066 1893 1178 1938 ὅμως.
1214 1894 1252 1937 ε’,
1277 1898 1346 1932 205
1370 1902 1441 1932 etc.
1483 1895 1636 1941 quamvis
1660 1895 1747 1929 inci-

929 1943 1086 1976 tantibus
1110 1942 1246 1986 procis,
1270 1943 1525 1977 verecundatur
1547 1948 1677 1976 tamen.
1700 1959 1746 1966 ——-

931 1987 1047 2028 ἄνα,
1074 1986 1276 2045 ἀνάστηθι.
1304 1989 1345 2021 11.
1373 1988 1416 2030 ζ’,
1439 1990 1505 2025 331
1532 1994 1598 2021 etc.
1622 2007 1666 2013 —
1691 1987 1742 2022 E.

930 2032 974 2069 τὸ
1013 2033 1111 2077 ε’ρις
1141 2053 1187 2059 -
1219 2047 1430 2093 γενηταί
1462 2037 1587 2079 δηλοῖ,
1619 2031 1669 2076 ὡς
1699 2032 1742 2068 τό

931 2078 1055 2135 παρὸν
1077 2080 1151 2126 ε’ρις
1175 2079 1274 2116 ἐστὶν
1306 2081 1344 2116 ἐν
1368 2081 1502 2125 λόγοις.
1544 2079 1603 2116 διὸ
1628 2094 1689 2115 και
1719 2077 1739 2114 ὁ

930 2140 969 2161 π.
995 2127 1085 2171 ἔφη,
1120 2129 1304 2171 καίμιν
1335 2129 1567 2163 νεικείων
1602 2138 1742 2171 προσ-

930 2171 1078 2218 ηὐδα,
1113 2188 1162 2215 ως
1193 2173 1332 2230 zavt6v
1365 2172 1408 2210 ὂν
1440 2177 1574 2209 νεικεῖν
1598 2186 1631 2208 κ.
1664 2173 1741 2217 ἐρί-

930 2223 1016 2262 ζειν,
1054 2221 1089 2255 εἰ
1111 2221 1172 2277 ιιαὶ
1197 2219 1238 2256 τὸ
1262 2221 1328 2264 μέν
1358 2233 1456 2256 εστιν
1491 2220 1530 2256 ἐν
1552 2221 1604 2268 τῷ
1627 2231 1740 2266 προσ-

929 2267 1066 2311 αυδᾷν,
1090 2266 1131 2302 τὸ
1160 2266 1198 2301 δὲ
1226 2266 1351 2310 ἓτερον
1374 2267 1414 2304 ἐν
1435 2269 1569 2313 χερσίν.

975 2316 1032 2348 14.
1055 2311 1106 2356 θ’,
1134 2314 1199 2348 165
1224 2320 1293 2348 etc.

976 2360 1125 2394 15-21.
1152 2357 1405 2416 δαιμόνιε.
1438 2371 1473 2393 v·
1497 2357 1580 2403 406,
1602 2355 1648 2403 κ’,
1671 2359 1741 2395 472

928 2410 995 2439 etc.
1020 2423 1068 2430 -
1090 2407 1167 2441 καὶ
1191 2405 1357 2448 πολλα,
1381 2407 1512 2448 καίπερ
1535 2420 1573 2440 π.
1597 2426 1643 2431 -—
1667 2419 1741 2442 αν-

927 2453 976 2486 ελ
987 2449 1123 2497 ὄντα,
1166 2455 1361 2494 tollentem,
1405 2458 1444 2485 ut
1486 2453 1551 2486 tibi
1585 2453 1658 2487 det.
1693 2471 1739 2476 —

927 2500 1001 2532 Am.
1024 2500 1046 2533 2
1070 2506 1105 2534 et
1128 2499 1232 2534 Sch.:
1267 2496 1415 2538 ουδὸς
1442 2517 1483 2522 -
1505 2501 1737 2556 χείσεται.

927 2542 1105 2588 χωρήσει·
1143 2544 1254 2581 ε’νθεν
1279 2547 1339 2580 καὶ
1367 2544 1478 2588 χειοὶ
1515 2547 1580 2591 (ΙΙ.
1606 2543 1652 2591 χ’,
1678 2546 1737 2586 93,

927 2592 993 2634 95)
1018 2590 1040 2635 ἡ
1061 2590 1265 2632 κατάδυσις
1288 2606 1361 2627 των
1380 2591 1515 2635 ὄφεων.
1541 2592 1592 2649 Ε.
1617 2590 1738 2627 ἰστέον

927 2637 981 2678 δε,
1008 2637 1066 2674 ὅτι
1084 2640 1127 2673 τὸ
1152 2641 1365 2682 χείσεται
1389 2640 1499 2682 δηλοῖ
1516 2652 1586 2681 μεν
1609 2637 1649 2674 τὸ
1667 2651 1737 2682 χω-

926 2684 1042 2730 ρήσει,
1065 2683 1247 2741 γράφεται
1270 2685 1310 2720 δε
1335 2685 1437 2728 παρὰ
1462 2689 1541 2726 τοῖς
1563 2686 1737 2724 παλαιοῖς

925 2731 1137 2775 κοινότερον
1162 2729 1226 2766 διὰ
1254 2731 1490 2788 διφθόγγου,
1515 2735 1609 2776 (non
1632 2729 1735 2777 χήσε-

925 2791 999 2813 ται.
1023 2791 1057 2813 v.
1070 2779 1196 2813 Matth.
1219 2781 1253 2821 ὃ.
1277 2780 1383 2834 254.)
1403 2776 1452 2818 ὡς
1475 2777 1551 2812 ἀπὸ
1575 2780 1643 2813 τοῦ
1667 2778 1734 2824 χῶ,

923 2826 1011 2881 κείω
1035 2831 1101 2859 etc.
1126 2843 1171 2850 --
1197 2827 1268 2859 Am.
1292 2828 1334 2860 2:
1361 2820 1462 2860 ἀλλ’
1485 2825 1734 2869 φθονέειν.

925 2869 1045 2912 ου’τως
1069 2869 1092 2917 ἡ
1116 2871 1307 2914 σύνταξις·
1340 2870 1387 2908 ον’
1409 2870 1476 2916 χρή
1510 2884 1549 2908 σε
1573 2874 1738 2912 φθονεῖν

925 2930 991 2963 μοι
1014 2932 1088 2954 των
1112 2919 1326 2963 ἀλλοτρίων.
1351 2917 1521 2962 μέλλουσι
1543 2917 1585 2954 δε
1610 2919 1647 2953 οἱ
1670 2922 1737 2955 θε-

925 2966 960 3002 οὶ
995 2966 1239 3012 εὐδαιμονίαν
1261 2964 1351 3014 ἡμῖν
1373 2965 1564 3010 παρέχειν·
1597 2964 1739 3012 ἄδηλον
