1821 3288
124 106 210 147 278
522 106 561 143 2.

622 103 789 145 ΕΙΣ
842 102 1384 146 ΛΠΟΛΛῼΝΑ

295 213 532 266 τεύξασθαι
550 212 672 282 νηόν
703 229 771 265 τε,
801 212 876 257 καὶ
903 211 1037 256 ἄλσεα
1066 213 1351 271 δενδρήεντα,
1502 254 1512 258 ,

294 276 398 326 στῆς
426 271 471 313 δὲ
500 269 600 324 μάλ’
635 269 734 342 ἄγχ’
764 269 918 324 αὐτῆς,
949 270 1023 312 καί
1053 285 1129 324 μιν
1160 272 1270 324 πρὸς
1302 275 1455 328 μῦθον.
1469 272 1634 327 εἐιπες·

212 332 270 389 ⁷0

383 326 673 396 ,,Τιλφοῦσσ’,
708 326 867 369 ἐνθάδε
898 326 950 395 δή
982 328 1156 381 φρονέω
1184 331 1443 382 περικαλλέα
1471 332 1582 388 νηόν

296 382 550 435 ἀνθρώπων
579 388 676 434 τεῦ
659 385 725 425 ζαι
754 382 1037 451 χρηστήριον,
1067 384 1154 426 οι’τε
1184 401 1259 438 μοι
1291 386 1375 430 αἰεὶ

294 440 452 484 ἐνθάδ’
480 439 739 505 ἀγινήσουσι
767 438 997 494 τεληέσσας
1026 439 1289 511 ἑκατόμβας,

294 496 404 552 η’μὲν
435 496 531 540 ὅσοι
562 495 919 567 Πελοπόννησον
933 498 1105 566 πίειραν
1136 496 1345 566 ε’χουσιν,

284 553 368 608 ἠδ’
402 554 499 596 ὅσοι
528 552 748 608 Εὐρώπην
777 569 822 597 τε
851 552 925 596 καὶ
936 551 1207 623 ἀμφιρύτας
1236 552 1346 597 κατά
1376 553 1564 624 νήσους,

208 612 263 655 75
292 609 578 666 χρησόμενοι
608 614 751 653 τοῖσιν
783 610 830 653 δέ
858 607 899 652 τ’
932 608 1015 664 ἐγώ
1047 610 1259 665 νημερτέα
1288 612 1454 667 βουλήν

295 679 404 710 πασι
432 666 754 721 θεμιστεύοιμι,
782 666 922 722 χρέων
952 666 1014 709 ἐνὶ
1042 668 1163 709 πίονι
1192 670 1299 740 νηῷ.

362 722 446 773 ,Ως
476 722 608 766 εἰπών
625 723 813 793 διέθηκε
841 724 1039 792 θεμείλια
1076 725 1238 777 Φοῖβος
1262 722 1504 780 Ἀπόλλων,

294 776 448 833 εὐρέα,
477 780 549 822 καὶ
577 778 693 836 μάλα
722 780 865 835 μακρὰ
895 779 1108 847 διηνεκές·
1121 779 1165 841 ἡ
1197 780 1238 824 δ’
1269 781 1477 824 ἐσιδοῦσα

298 839 558 891 Τιλφοῦσσα
586 839 771 907 κραδίην
799 835 1068 892 ἐχολώσατο,
1098 835 1189 879 εἶπέ
1218 853 1264 880 τε
1293 841 1467 892 μῦθον·

210 894 266 937 80

381 896 557 964 ,,Φοῖβε
588 893 697 946 ἄναξ
729 910 923 949 εκαεργε,
955 893 1058 944 ε’πος
1086 895 1127 936 τί
1155 910 1224 936 τοι
1254 894 1302 937 ἐν
1334 895 1462 949 φρεσὶ
1490 892 1632 953 θήσω,

296 948 458 992 ἔνθαδ’
488 949 580 993 ἐπεὶ
608 953 808 1020 φρονέεις
835 951 982 1002 τεῦξαι
1009 950 1272 1006 περικαλλέα
1301 951 1437 1007 νηὸν,

297 1006 477 1060 ε’μμεναι
506 1005 762 1078 ἀνθρώποις
790 1007 1072 1077 χρηστήριον,
1100 1009 1188 1050 σι’τε
1216 1024 1284 1050 τοι
1314 1008 1398 1051 αἰεὶ

299 1062 458 1106 ἐνθάδ’
488 1063 750 1119 ἀγινήσουσι
777 1065 1006 1118 τεληέσσας
1038 1063 1293 1132 εκατόμβας.

299 1117 396 1162 ἀλλ’
429 1119 476 1162 ε’κ
504 1137 574 1163 τοι
604 1121 734 1174 ἐρέω,
765 1121 820 1164 συ
853 1119 895 1164 δ’
928 1120 991 1163 ἐνι
1023 1122 1150 1190 φρεσι
1180 1119 1338 1175 βάλλεο
1369 1123 1487 1177 σῇσι·

212 1176 268 1222 85
296 1176 507 1246 πημανέει
537 1176 580 1220 σ’
612 1178 694 1220 αἰεὶ
726 1177 892 1227 κτύπος
921 1178 1066 1219 ι’ππων
1097 1176 1318 1229 ὠκειάων,

296 1230 532 1287 ἀρδόμενοί
564 1231 606 1276 τ’
637 1233 819 1292 οὐρῆες
824 1233 942 1288 ἐμῶν
973 1235 1100 1285 ἱερῶν
1130 1231 1214 1276 ἀπὸ
1245 1233 1433 1288 πηγέων.

296 1288 406 1332 ε’νθα
433 1305 498 1340 τις
528 1287 780 1343 ανθρώπων
806 1284 1088 1360 βουλήσεται
1101 1289 1391 1344 εἰσοράασθαι

296 1345 470 1400 ἅρματά
499 1345 541 1389 τ’
574 1346 804 1402 εὐποίητα,
832 1347 906 1391 καὶ
937 1344 1182 1390 ω’κυπόδων
1211 1346 1380 1389 κτύπον
1410 1346 1578 1402 ἵππων,

295 1401 324 1457 ἢ
353 1401 465 1475 νηόν
495 1419 539 1445 τε
569 1403 727 1459 μέγαν,
758 1403 831 1447 καὶ
860 1404 1055 1459 κτήματα
1083 1402 1214 1446 πόλλ’
1245 1402 1434 1448 ἐνεόντα.

214 1462 269 1502 90
300 1458 398 1501 ἀλλ’
431 1460 469 1502 εἰ
499 1458 554 1514 δή
583 1477 625 1503 τι
653 1462 806 1503 πίθοιο
838 1460 909 1513 (σύ
939 1460 985 1502 δε
1014 1462 1229 1512 κρείσσων
1258 1460 1331 1503 καὶ
1361 1459 1526 1515 ἀρείων

297 1515 415 1567 ἐσσὶ,
447 1515 583 1567 ἄναξ,
613 1516 791 1570 ἐμέθεν,
824 1520 901 1560 σεῦ
932 1517 978 1559 δὲ
1007 1516 1166 1567 σθένος
1197 1516 1283 1559 ἐστὶ
1312 1516 1546 1575 μέγιστον),

296 1571 346 1615 ἐν
381 1575 519 1643 Κρίσῃ
532 1574 744 1643 ποίησαι
756 1572 843 1616 ὑπὸ
873 1573 1000 1641 πτυχὶ
1033 1576 1301 1642 Παρνησοῖο

298 1627 396 1671 ἔνθ’
431 1627 542 1672 οὔθ’
571 1629 746 1682 ἅρματα
773 1628 885 1672 καλοὶ
916 1629 1169 1699 δονήσεται,
1202 1629 1302 1673 οὔτε
1332 1645 1402 1672 τοι
1430 1630 1576 1675 ἵππων

299 1683 546 1729 ωκυπόδων
574 1686 738 1736 κτύπος
767 1685 886 1729 ἔσται
915 1684 1130 1757 ἐΰδμητον
1162 1687 1262 1740 περὶ
1291 1685 1468 1742 βωμόν·

214 1741 270 1786 95
300 1740 411 1784 ἄλλα
440 1742 514 1784 καὶ
543 1740 603 1793 ὡς
632 1741 897 1798 προσάγοιεν
921 1741 1162 1813 Ἰηπαιήονι
1192 1745 1316 1796 δωρα

298 1797 554 1855 ἀνθρώπων
580 1799 719 1843 κλυτα
748 1803 889 1856 φῦλα,
920 1799 974 1844 συ
1005 1799 1053 1843 δὲ
1081 1798 1245 1855 φρένας
1274 1798 1589 1857 ἀμφιγεγηθὼς

130 1941 276 1989 φούσης
315 1948 351 1980 et
390 1945 428 1979 in
468 1947 691 1992 sequentibus
741 1947 938 1991 Τελφοῦσα

131 1994 198 2024 etc.
223 2003 254 2024 v.
281 1991 360 2036 Ilg.,
384 1993 498 2049 Hfieyn
526 1995 570 2027 ad
596 1993 753 2048 Apollod.
771 1996 805 2036 3,
830 1996 863 2037 7,
890 1996 937 2036 3.,

131 2036 297 2081 aliosque.
326 2058 363 2063 -
403 2037 626 2084 ἀπήμων,
660 2041 842 2081 innocuus,
873 2052 937 2074 nec

131 2082 250 2117 bestiis
272 2084 476 2129 infestatus,
510 2091 549 2120 ut
580 2086 743 2120 Parnassi
767 2087 845 2121 fons
867 2086 937 2128 ille,

130 2140 228 2173 quem
254 2129 338 2163 dicit
365 2132 440 2166 123.

176 2198 240 2240 73,
273 2197 329 2234 74.
376 2199 646 2244 Peloponnesum
681 2199 835 2244 reliquae
864 2199 936 2233 Eu-

130 2255 238 2288 ropae
263 2250 299 2278 et
321 2245 441 2278 insulis
467 2245 540 2288 ejus
579 2245 744 2290 opponit,
776 2251 936 2290 tanquam

131 2295 265 2333 partem
292 2291 531 2335 praecipuam,
565 2297 602 2324 ut
626 2293 660 2325 in
685 2302 770 2335 qua,
797 2298 937 2325 notante

130 2335 302 2377 Frankeo‚
328 2336 564 2370 celeberrimus
588 2342 680 2370 esset
705 2337 814 2370 cultus
832 2338 936 2381 Apol-

131 2381 210 2415 linis
234 2382 362 2427 Pythii.
393 2383 575 2416 Homerico
601 2395 686 2416 aevo
709 2382 828 2426 ignota
851 2383 937 2416 fuis-

131 2438 170 2461 se
195 2428 356 2472 Europae
380 2435 483 2473 atque
507 2429 609 2462 Asiae
630 2429 782 2469 nomina
807 2429 937 2462 diserte

132 2472 218 2506 dicit
251 2475 377 2508 Strabo
404 2476 468 2515 12,
501 2485 536 2518 p.
559 2476 639 2510 531.
674 2475 730 2509 ed.
764 2474 866 2508 Basil.
900 2487 933 2508 v.

132 2518 195 2563 Ilg.
219 2524 255 2553 et
277 2532 341 2554 nos
365 2521 409 2554 ad
433 2520 472 2553 Il.
497 2519 542 2564 β,
574 2520 654 2554 461.
665 2545 676 2562 ,
715 2520 848 2555 collatis
879 2524 934 2554 ta-

132 2576 207 2598 men
230 2565 293 2608 iis,
320 2578 408 2611 quae
432 2567 547 2600 Herm.
571 2567 748 2600 annotavit
773 2566 816 2599 ad
843 2567 935 2608 11.1.,

132 2610 222 2645 haud
244 2610 362 2657 inepta
386 2613 444 2646 illa
468 2612 625 2656 quidem,
648 2612 709 2646 sed
735 2619 936 2645 controver-

132 2656 309 2738 sa31016em
335 2659 523 2694 Schwenk.
555 2663 656 2702 etym.
680 2658 936 2703 Andeutungen

133 2713 155 2747 P

177 2776 274 2813 76-
287 2777 346 2813 95.
391 2774 756 2832 θεμιστεύοιμι,
790 2776 935 2816 edicam,

134 2823 167 2855 11.
193 2835 225 2855 e.
250 2823 474 2858 vaticinabor.
500 2823 627 2867 odyss,
652 2821 686 2862 ι’,
714 2822 790 2857 114.
814 2822 860 2858 cf.
884 2823 936 2855 in-

133 2869 240 2902 ferius
271 2869 350 2904 217.
379 2889 424 2894 —
463 2869 633 2914 χρέων,
649 2868 936 2925 χρησμολογῶν.

134 2915 261 2968 011)55.
291 2914 346 2956 θ’,
388 2916 444 2950 79.
559 2913 657 2959 ἡδ’
692 2913 937 2954 ἐσιδοῦσα,

135 2967 172 2994 ut,
205 2973 255 3001 ως
286 2936 520 3007 ἐσιδέσθην-
520 2961 648 3007 Odyss.
674 2958 723 3003 ω’,
760 2963 836 2998 101.
872 2971 938 2996 uon

982 1947 1071 1982 male
1101 1947 1218 1981 Herm.
1251 1951 1287 1983 et
1318 1947 1471 1982 Frank:
1505 1942 1529 1991 ἦ
1562 1944 1604 1982 δὲ
1637 1946 1787 1990 ἰδοῦσα,

983 1994 1076 2038 quod
1100 1994 1244 2028 inferius
1271 1995 1348 2030 164.
1388 1994 1493 2027 habet
1516 1992 1624 2027 Mose.
1650 1995 1789 2029 variare

982 2040 1094 2074 solent
1117 2039 1195 2073 libri
1219 2041 1253 2074 in
1279 2042 1343 2074 hoc
1373 2050 1521 2083 genere,
1553 2039 1603 2073 ita
1639 2045 1679 2074 ut
1710 2041 1789 2074 fere

981 2097 1045 2132 per
1069 2085 1234 2120 editorem
1257 2091 1347 2139 stet,
1381 2084 1462 2129 quid
1487 2090 1602 2130 ponat.
1627 2105 1671 2111 —
1695 2087 1789 2122 εἰσ-

983 2129 1230 2175 οραασθαι
1261 2126 1457 2167 κτύπον.
1503 2142 1658 2175 zeugma.
1685 2151 1729 2158 —
1760 2129 1788 2177 ἢ

979 2176 1118 2223 νηὸν,
1143 2179 1280 2217 μᾶλλον
1303 2176 1328 2223 ἢ
1350 2190 1381 2211 ν.
1406 2176 1523 2220 11,ψ’,
1555 2178 1623 2212 445
1648 2182 1715 2211 etc.
1743 2197 1788 2204 —-

982 2225 1093 2265 „naz
1122 2238 1149 2258 ω
1166 2239 1202 2265 ς,
1227 2226 1330 2258 etiam
1353 2224 1420 2264 sic,
1447 2223 1602 2268 quamvis
1618 2224 1788 2269 tranquil-

981 2271 1034 2303 lus
1057 2270 1103 2303 sit
1128 2271 1193 2305 iste
1219 2271 1335 2304 locus:
1359 2281 1472 2314 neque
1496 2269 1583 2302 enim
1601 2275 1789 2314 propterea.

981 2316 1139 2349 desertus
1164 2322 1217 2350 est
1239 2322 1297 2350 aut
1318 2317 1520 2357 verendum,
1544 2326 1586 2348 ne
1610 2316 1700 2350 nulla
1724 2316 1789 2350 tibi

982 2362 1172 2396 afferantur
1194 2363 1320 2397 dona.“
1354 2363 1388 2394 Ε
1413 2362 1540 2394 Frank.
1582 2357 1789 2407 Ἰηπαιή-

982 2420 1072 2442 ονι.
1105 2409 1291 2449 323,34Ο.
1324 2407 1438 2465 Apoll.
1470 2406 1647 2450 8110112,
1681 2410 1785 2444 701.=

980 2453 1093 2488 καλὸν
1130 2452 1349 2499 Ἰηπαιήον’,
1386 2452 1603 2508 Ἰηπαιήονα
1647 2456 1787 2500 Φοῖβον

981 2498 1233 2554 Μελπόμεναι
1283 2500 1371 2534 idem
1396 2507 1450 2533 est
1475 2498 1660 2555 Παιήων,
1693 2501 1728 2535 11.
1754 2513 1786 2536 e.

979 2547 1142 2601 aurifer,
1164 2548 1363 2587 auxiliator,
1389 2557 1410 2580 a
1432 2543 1537 2588 ποὶω,
1560 2548 1672 2589 παίω,
1695 2547 1786 2582 unde

980 2593 1122 2637 πατὴρ,
1154 2597 1262 2633 παῖς,
1288 2572 1489 2626 Latinorum
1512 2604 1615 2637 pasco
1649 2595 1715 2629 etc.
1752 2605 1787 2629 v.

981 2640 1068 2684 Ilg.,
1100 2639 1158 2684 qui
1181 2639 1378 2678 annotavit,
1407 2637 1622 2683 Ἰηπαιήονα
1634 2639 1787 2695 proprie

981 2685 1049 2718 dici
1075 2692 1204 2729 patrem
1224 2686 1419 2728 juvantem,
1445 2685 1500 2718 cui
1525 2684 1585 2729 ἰή,
1609 2682 1669 2728 ἰὴ,
1694 2685 1788 2719 laeta

982 2731 1161 2775 faustaque
1185 2743 1291 2774 voce,
1325 2730 1576 2765 acclamandum
1613 2731 1671 2764 sit.
1718 2741 1786 2765 non

983 2778 1167 2821 usurpavit
1189 2777 1288 2810 Ηο111.
1312 2777 1378 2810 hoc
1401 2773 1522 2810 nomen
1545 2776 1621 2819 dei,
1649 2775 1787 2822 παιήο-

983 2835 1031 2858 να
1063 2834 1145 2857 vero
1181 2824 1221 2867 11)
1220 2834 1337 2856 mnum
1373 2823 1460 2856 dixit
1492 2822 1531 2855 ll.
1556 2821 1602 2863 α’,
1626 2822 1716 2864 473,
1750 2825 1788 2856 ut

983 2869 1188 2913 ἰηπαιήονα
1204 2836 1279 2902 >hic
1310 2874 1427 2902 noster
1459 2868 1601 2902 inferius
1636 2870 1716 2903 323.
1752 2872 1790 2901 et

983 2917 1075 2997 343),
1107 2914 1294 2962 παιήονας
1329 2919 1442 2950 autem
1482 2918 1516 2949 et
1551 2913 1626 2960 ipse
1650 2915 1790 2960 hymnos

1010 2969 1030 2996 4
1056 2985 1064 2997 ι
