1821 3288
75 82 162 125 394
463 79 786 125 ADDENDA
816 81 898 124 ET
923 81 1342 129 EMENDANDA.

75 191 212 236 linique,
227 189 342 235 ἄομεν
365 202 428 238 pro
454 189 597 236 ἆωμεν,
629 199 790 238 correpta
813 193 924 238 prima
948 199 1091 240 propter
1114 197 1287 242 vocalem,
1320 209 1408 243 quae
1432 197 1609 244 sequitur,
1633 209 1736 235 sensu

74 239 212 282 quidem
239 239 362 289 medii3
387 239 442 272 vel
466 240 571 279 ἴομεν
594 240 770 282 πολέμοιο
787 263 798 281 ,
822 241 1021 279 veniamus,
1044 242 1242 286 redeamus,
1267 257 1308 278 ca·
1333 246 1428 287 bello,
1457 245 1736 290 quemadmodum

76 282 121 324 σ’,
163 285 244 319 405.
279 283 367 318 ε’σαν
400 297 463 329 pro
493 287 577 321 ἴσαν
610 288 790 329 legebatur
815 285 894 318 olim
918 286 952 319 in
977 286 1075 328 edd.‚
1109 296 1297 334 nostraque
1322 291 1480 325 memoria
1514 290 1554 325 δὲ
1585 291 1648 326 καὶ
1672 303 1735 335 pro

74 332 179 365 δίκαι
201 332 348 365 habetur
370 332 459 375 apud
487 333 686 376 Aeschylum
711 332 810 365 Eum.
840 332 932 373 343,
959 343 974 366 ε
998 338 1034 366 et
1059 346 1072 367 ι
1103 333 1229 367 litteris
1253 337 1421 379 confusis,
1449 342 1486 370 ut
1510 348 1614 382 saepe
1637 337 1736 372 alias.

74 387 215 421 quorum
239 376 394 421 equidem
416 380 636 422 praetulerim
650 376 764 420 ἄομεν
777 378 852 410 sive
869 371 988 419 ὦμεν,
1014 380 1098 423 quia
1114 380 1298 415 verisimile
1308 386 1386 423 est,
1412 385 1516 423 haec,
1541 383 1590 416 ita
1606 384 1737 428 scripta

74 423 235 456 continue
261 430 296 456 et
320 424 477 468 neglecto
503 425 724 469 apostropho‚
747 420 964 468 ἐπείκεῶμεν
988 428 1084 467 nuk,
1110 437 1184 459 cum
1210 429 1312 470 poeta
1336 428 1477 462 dixisset
1493 428 1571 464 ἐπεί
1590 427 1620 462 κ’
1639 426 1737 472 ὦμεν

71 472 152 502 πολ.
167 493 177 509 ,
201 473 331 503 mutata
355 481 431 503 esse
455 471 490 504 in
513 471 592 506 ἐπεί
613 469 652 505 κ’
679 470 795 510 ἐῶμεν
819 476 885 505 etc.
911 471 1062 514 Hesych.
1080 483 1113 516 p.
1139 473 1240 508 1321.
1267 473 1320 506 ed.
1345 474 1445 507 Alb.:
1469 474 1547 510 ἐπεί
1570 473 1600 518 χ’
1626 471 1736 518 ὦμεν,

72 515 132 549 ubi
168 526 231 558 pro
256 515 375 549 ordine
406 516 597 551 litterarum
632 517 823 561 requiritur
847 516 925 552 ἐπεί
947 514 986 551 κ’
1009 517 1137 560 ἐῶμεν.
1169 518 1316 563 dederat
1346 519 1452 561 igitur
1474 521 1531 555 ille
1555 522 1590 555 id
1614 523 1737 566 ipsum,

71 561 163 606 quod
187 563 478 602 commendamus,
514 567 686 606 repertum
713 563 785 596 scil.
809 563 844 596 in
873 563 990 606 codd.,
1018 563 1097 598 ἐπεί
1120 562 1161 598 κ’
1187 564 1285 607 ὦμεν
1308 568 1410 609 πολ,
1444 566 1737 612 degeneravitque

69 620 92 642 κ
115 608 151 640 in
175 620 214 651 χ,
240 607 330 641 sicut
355 607 397 648 ι’,
435 609 502 642 249
527 615 562 642 et
587 608 637 653 φ’,
669 608 760 648 548;
786 621 851 653 quo
876 610 968 643 facto
992 609 1092 645 initio
1117 610 1372 654 depravationis
1397 623 1500 656 porro
1524 615 1738 659 scripserunt

69 659 217 700 propter
241 654 428 697 aspiratam
453 654 587 697 ἑιῦμεν,
613 655 668 689 vel
693 654 822 696 ἕωμεν,
847 657 937 701 quod
963 657 1062 693 Eust,
1085 658 1369 690 commemoravit.

167 702 217 741 Y,
242 701 298 734 48.
326 700 402 733 dele
417 699 549 744 signum
567 702 837 746 depravationis,
860 721 905 726 ·—
929 704 985 737 63.
1003 713 1069 736 scr.
1087 700 1318 749 ἅναῤῥήξειε.
1344 722 1388 727 --
1413 704 1491 738 120.
1509 701 1735 748 αὐτόθεν,

69 746 176 780 illico.
208 764 254 771 --
289 747 367 781 123.
391 745 625 792 τοπάρος,
643 749 721 790 jam
743 749 834 781 olim.
859 766 903 771 —
930 750 1008 783 150.
1041 749 1172 783 malim:
1209 748 1307 793 ἀμφὶ
1333 747 1376 784 δ’
1409 747 1645 794 ἅνάῤῥηκτον
1669 756 1736 785 etc.

68 803 175 836 saepe
195 804 240 826 αν
257 797 292 824 et
309 804 355 834 οιρ
380 793 548 836 permixta
572 794 875 839 deprehenduntur
899 794 935 828 in
952 794 1050 828 codd.
1062 820 1073 836 ,
1099 799 1135 828 et
1151 796 1282 830 dixisse
1299 795 1457 829 videntur
1473 797 1602 831 Graeci
1620 794 1737 841 α’νάῤ-

69 837 204 882 ῥηκτος
217 837 298 882 ‘per
322 850 503 883 apocopen
536 852 597 885 pro
631 839 932 885 οἷνανάῤῥηκτος,
966 840 1055 884 quod
1088 841 1177 875 idem
1212 842 1266 887 τῷ
1297 839 1491 886 ἅῤῥηκτος.
1515 854 1548 876 v.
1573 843 1678 877 Schn.
1701 854 1735 876 v.

69 882 322 929 ἀναῤῥήκτως.
345 903 391 908 -
415 886 493 921 183.
517 888 603 920 male
628 885 786 929 ἔμπεδον
809 886 1027 931 interpretati
1051 899 1165 921 sumus
1190 887 1349 931 ἔμπεδον
1374 887 1532 932 φρέναςε
1565 888 1741 933 significat,

71 932 160 965 enim
186 933 384 975 integrum,
419 933 515 965 einen
548 935 708 979 riistigcn
729 935 862 974 Manu,
889 945 978 977 quae
1002 933 1075 966 laus
1099 935 1281 978 conjuncta
1304 946 1379 969 curn
1403 934 1611 979 prudentiae
1635 931 1740 978 (ovid-⁹

70 977 280 1021 ἀεσίφρων)
314 976 406 1010 redit
439 978 483 1011 ad
506 978 589 1012 illud
615 983 739 1020 poetae
762 992 856 1013 mens
879 991 968 1013 sana
994 980 1031 1012 in
1059 991 1202 1023 corpore
1225 993 1322 1014 sano.
1347 1000 1394 1006 —
1424 982 1491 1016 178
1507 982 1631 1016 -185.
1658 992 1737 1019 ann,

71 1031 240 1058 extrema:
266 1023 499 1066 ,,τε’μενος
521 1043 566 1050 —
590 1026 667 1060 533.
680 1030 701 1045 ‘⁴
728 1027 813 1059 haec
839 1025 1030 1059 inducenda
1053 1032 1201 1059 sunt.—
1222 1026 1417 1062 213-241.
1443 1038 1511 1071 quo
1528 1027 1635 1071 magis
1653 1028 1739 1060 haec

71 1071 149 1115 lego
174 1071 388 1114 relegoque,
412 1082 453 1104 eo
477 1070 587 1112 magis
610 1072 765 1105 adducor
781 1097 790 1113 ‚
816 1078 853 1104 ut
878 1072 920 1104 ab
940 1074 1074 1104 Aeneae
1089 1072 1249 1106 studiosis
1266 1074 1394 1108 inserta
1410 1078 1542 1116 putem:
1567 1080 1635 1106 tam
1652 1072 1749 1107 male>

72 1119 258 1151 cohaerent
276 1127 349 1149 cum
367 1117 612 1161 superioribus,
637 1130 724 1162 quae
741 1118 867 1162 optime
888 1125 1083 1160 congruunt
1105 1119 1220 1152 versui
1238 1120 1328 1162 242,
1354 1126 1492 1163 tamque
1509 1124 1587 1152 sunt
1597 1119 1751 1163 ineptae„

71 1163 176 1208 plena
200 1162 431 1207 garrulitatis,
458 1164 644 1206 prudenter
668 1167 802 1197 Aeneas
827 1164 1029 1196 Homericus
1052 1165 1155 1199 203³
1192 1166 1299 1207 ἴδμεν
1324 1164 1363 1200 δ’
1405 1163 1570 1208 ἀλλήλων
1593 1163 1736 1209 γενεὴν,

72 1229 120 1234 -
138 1207 256 1253 μήτηρ
285 1207 326 1242 δέ
351 1209 417 1251 μοί
441 1206 511 1243 ἐστ’
532 1208 738 1254 Ἀφροδίτη.
763 1209 876 1243 tribus
900 1209 1017 1242 verbis
1042 1209 1141 1252 dixit,
1168 1211 1259 1256 quod
1284 1211 1328 1245 ad
1352 1223 1423 1245 rem
1441 1210 1620 1254 pertinuit,
1643 1210 1738 1244 haud

72 1263 226 1289 moratus
250 1255 350 1298 longo
376 1266 531 1288 sermone
554 1267 713 1300 pugnam.
736 1267 813 1289 num
836 1255 1023 1288 verisimile
1040 1261 1110 1296 est,
1136 1267 1214 1290 mox
1231 1263 1341 1291 tamen
1355 1257 1497 1290 eundem
1514 1268 1622 1300 genus
1640 1267 1739 1290 suum

72 1302 206 1347 prolixe
237 1312 421 1341 enarrare,
461 1301 552 1346 quod
584 1302 747 1336 Achillem
779 1300 916 1335 novisse
948 1300 1055 1341 dixit,
1092 1306 1128 1335 et
1159 1302 1298 1347 quidem
1324 1307 1546 1347 praepostero
1571 1306 1738 1346 tempore,

73 1348 242 1392 siquidem
276 1348 363 1380 haec
395 1347 427 1380 si
460 1348 682 1393 interponere
705 1348 807 1381 libuit
830 1350 978 1390 poetae,
1015 1346 1266 1392 interponenda
1289 1353 1389 1383 erant
1411 1354 1493 1393 post
1514 1347 1612 1383 209?
1652 1358 1740 1381 cave

71 1399 141 1428 tam
167 1395 318 1438 ineptum
343 1393 467 1427 credas
493 1395 676 1428 Homerum
693 1394 785 1434 ;,sed
810 1392 984 1433 imitator,
1016 1394 1174 1438 quisquis
1199 1395 1288 1436 fuit,
1313 1406 1376 1428 nec
1401 1393 1510 1428 sensit
1534 1391 1738 1436 ἀσύστατα,

70 1451 158 1481 nec,
180 1441 209 1474 si
235 1438 364 1479 sensit,
390 1440 488 1483 pensi
513 1439 654 1480 habuit,
678 1440 714 1473 id
739 1443 870 1472 tantum
897 1450 1022 1482 agenS‚
1048 1445 1087 1472 ut
1109 1441 1259 1474 Aeneam
1284 1452 1378 1474 suum
1404 1440 1447 1474 ad
1472 1440 1602 1474 coelum
1627 1439 1739 1474 extol-

69 1486 171 1520 leret.
201 1485 304 1520 semel
334 1484 527 1530 iterumque
558 1486 642 1528 (211
677 1489 712 1518 et
743 1486 840 1527 244.)
875 1495 978 1517 verus
1001 1486 1134 1519 Aeneas
1158 1492 1263 1531 negat
1286 1487 1403 1520 verbis
1428 1485 1627 1520 certandum
1649 1497 1738 1528 esse,

69 1543 164 1567 more
185 1542 385 1576 puerorum3
411 1533 518 1566 salsus
543 1532 698 1565 oratione
720 1530 962 1574 intempestiva
988 1530 1166 1574 pueriliter
1188 1533 1320 1567 detinet
1343 1532 1518 1566 Achillem.
1542 1543 1645 1566 verus
1667 1532 1740 1566 ele-

69 1581 212 1622 ganter:
249 1579 356 1620 ἴδμεν
381 1575 422 1612 ὃ’
458 1575 623 1620 ἀλλήλων
645 1576 791 1621 γενεήν,
826 1577 931 1616 ἴδμεν
957 1575 997 1611 δὲ
1021 1579 1176 1621 τοκῆας,
1200 1575 1387 1622 Πρόκλυτ’
1419 1576 1624 1617 ἀκούοντες
1649 1576 1740 1613 ἔπεα

68 1624 224 1668 θνητῶν
258 1623 492 1666 ἀνθρώπων,
525 1625 652 1657 salsus:
690 1625 724 1658 εἰ
746 1621 786 1658 δ’
811 1621 950 1662 ἐθέλεις
979 1622 1042 1656 καὶ
1065 1625 1185 1658 ταῦτα
1209 1623 1409 1669 δαήμεναι,
1437 1621 1528 1667 ὄφρ’
1554 1619 1599 1659 εὖ
1621 1623 1737 1670 εἰδῇς,

65 1668 267 1716 Ἦμετέρην
296 1670 444 1714 γενεήν,
476 1670 606 1704 πολλοὶ
643 1668 684 1705 δέ
707 1682 772 1712 μιν
805 1666 940 1710 ἄνδρες
976 1669 1099 1712 ἴσασι,
1136 1671 1234 1714 quasi
1267 1670 1346 1704 novi
1379 1670 1462 1714 quid
1485 1670 1617 1704 inferat
1640 1671 1740 1714 (καὶ

66 1718 228 1762 ταῦτα),
263 1720 324 1750 aut
357 1717 471 1760 magni
503 1717 641 1751 intersit
674 1715 815 1750 Achillis
837 1715 929 1748 scire
960 1714 1050 1756 ista,
1091 1727 1179 1760 quae
1211 1715 1414 1760 praesertim
1434 1716 1505 1759 jam
1533 1715 1624 1750 scire
1646 1716 1745 1750 illum..

68 1764 180 1804 dixit,
203 1768 263 1797 aut
287 1773 517 1806 cognoscere,
541 1774 628 1807 quae
653 1767 732 1796 sunt
755 1762 791 1795 in
816 1761 937 1804 vulgus
961 1767 1052 1795 nota.
1069 1762 1221 1806 sapienti
1237 1768 1302 1796 sat.
1316 1761 1516 1796 immittendi
1533 1766 1617 1795 sunt-
1630 1761 1739 1804 hisce,

67 1811 100 1846 si
124 1810 249 1855 quibus
265 1808 353 1848 aliis,
378 1809 490 1842 uncini
506 1809 726 1843 Criticorum.
748 1827 792 1832 —
809 1809 890 1843 221.
916 1818 1020 1852 equas
1040 1808 1211 1852 hodieque
1230 1809 1363 1842 Arabes
1380 1808 1472 1842 alere
1488 1808 1601 1841 solent
1615 1818 1739 1852 magno

67 1867 231 1895 numero,
270 1866 378 1899 genus
410 1855 525 1889 nobile
554 1854 806 1899 propagaturi,
842 1865 949 1898 equos
983 1858 1097 1887 autem
1123 1855 1294 1896 vendere3
1332 1854 1423 1899 quod
1446 1854 1528 1887 item
1552 1853 1676 1891 eadem,
1695 1854 1741 1888 de

69 1914 175 1937 causa
209 1901 333 1935 fecisse
369 1901 572 1945 cogitandus
603 1905 656 1934 est
687 1900 943 1934 Erichthonius.
968 1919 1014 1924 —
1059 1901 1140 1935 266.
1172 1901 1282 1935 malim
1307 1899 1535 1945 ταμήμεναι,
1564 1911 1584 1933 a
1607 1900 1740 1943 τέμνω.

69 1949 113 1983 de
140 1949 163 1983 δ
188 1951 223 1981 et
247 1961 266 1982 τ
289 1947 415 1980 litteris
440 1947 592 1981 confusis
617 1959 649 1979 v.
678 1945 729 1989 ρ’,
761 1946 838 1981 546.
864 1966 906 1971 -
928 1947 1006 1981 280.
1030 1957 1148 1990 parum
1173 1947 1289 1991 placet
1313 1945 1396 1990 ἔστη
1415 1947 1466 1980 bis
1483 1946 1612 1979 illatum
1631 1957 1743 1991 parvo

69 1994 266 2029 intervallo.
292 1993 371 2026 fieri
394 1999 528 2037 potest,
555 2000 594 2027 ut
616 1993 717 2027 Hom.
744 1992 871 2027 dixerit
896 1992 985 2036 ἕπτη
1010 1991 1152 2036 ἱεμένη,
1179 1993 1211 2026 h.
1230 2005 1260 2026 e.
1277 1990 1463 2038 ὑπερέπτη
1479 1991 1623 2032 νώτου,
1646 1991 1741 2026 ἐνιε-

70 2040 163 2086 μένη
188 2042 287 2086 γαίῃ.
313 2040 431 2073 eadem
457 2040 590 2082 menda,
616 2040 646 2073 si
671 2039 791 2074 menda
816 2042 887 2080 est,
910 2038 1117 2082 μεσαύλους
1139 2050 1202 2084 pro
1223 2037 1408 2079 ἐπαύλους
1425 2038 1549 2083 legitur
1565 2049 1619 2081 ap.
1640 2038 1740 2072 Eust-
1781 2072 1784 2073 γ

71 2087 117 2121 ad
142 2088 272 2130 Odyss.
297 2083 365 2128 ψ’.
396 2085 486 2129 358,
522 2092 557 2119 et
591 2087 762 2120 contraria
787 2084 939 2120 ἕπονται
963 2096 1025 2129 pro
1060 2084 1206 2119 ἔσονται
1232 2086 1359 2131 Odyss.
1385 2085 1439 2129 γ’,
1472 2085 1552 2120 325.
1577 2084 1612 2116 in
1637 2085 1678 2117 A.
1703 2085 1738 2122 2.

73 2134 223 2169 vindob.
253 2131 422 2175 singulum
448 2131 584 2175 quidem
610 2131 693 2174 ἔστη
721 2133 807 2165 bene
831 2132 935 2165 habet
960 2130 1019 2176 φ’,
1049 2134 1105 2167 70.
1130 2150 1174 2155 —
1199 2132 1278 2167 315.
1305 2131 1474 2177 quidquid
1499 2128 1585 2163 dicit
1609 2130 1740 2174 Heyn„

72 2179 185 2214 malim
210 2178 387 2223 equidem:
421 2177 558 2221 μήποτ’
583 2177 636 2213 ἔτι
659 2184 725 2211 etc.
751 2197 796 2202 --
820 2179 900 2214 332.
923 2178 1110 2211 scribamus
1134 2175 1304 2212 ἁτεῦντα.
1338 2199 1383 2204 -
1420 2177 1499 2212 340.
1523 2175 1661 2218 virgula
1684 2175 1740 2210 di·-

72 2226 314 2271 stinguendum
339 2228 416 2270 post
439 2223 575 2259 πάντα.
599 2244 645 2250 —
668 2225 747 2259 362.
774 2221 892 2259 ἀλλὰ
914 2223 1038 2266 μάλα
1063 2223 1224 2267 στιχὸς
1250 2222 1359 2265 εἶμι.
1384 2223 1472 2257 imo:
1513 2217 1587 2256 ἀλλ’
1615 2218 1740 2263 ἆμαλοὶ

72 2283 124 2306 or.
152 2284 200 2312 ε.,
227 2272 261 2304 h.
288 2267 427 2314 ὁμαλῆ,
457 2269 574 2313 ὁμοῦ,
599 2269 742 2314 στιχὸς,
767 2272 869 2304 simul
889 2283 963 2304 cum
989 2271 1128 2312 ordine,
1154 2282 1254 2313 quem
1281 2271 1380 2304 duco.
1405 2288 1451 2296 --
1474 2268 1553 2303 369.
1579 2279 1656 2303 ann.
1673 2278 1741 2304 scr.

71 2316 257 2362 ἐπιθήσει.
282 2337 325 2346 -«-
350 2319 429 2353 391.
455 2329 532 2351 aun.
558 2336 639 2361 „—-—
661 2319 924 2352 συνδονεῖσθαι
950 2317 1183 2355 εἰλειὸιόις.“
1207 2317 1318 2350 malim
1344 2327 1451 2349 nunc:
1477 2315 1580 2348 σννδ.
1608 2313 1666 2349 ἀεὶ
1686 2317 1741 2349 λι-

70 2365 172 2408 γέως.
195 2383 241 2391 -—
265 2363 345 2398 410.
370 2375 489 2397 versus
511 2364 689 2407 inelegans
715 2369 751 2397 et
775 2362 1017 2406 ταυτολόγος,
1051 2374 1149 2407 quem
1174 2374 1216 2395 ex
1241 2360 1526 2405 interpretatione
1547 2363 1658 2394 ortum
1682 2371 1741 2394 ar-

70 2411 201 2445 bitror:
227 2408 480 2449 νεώτατος.
508 2410 570 2445 καὶ
594 2410 659 2445 διὰ
683 2411 794 2445 τοῦτο
820 2412 1006 2451 φίλτατος.
1033 2409 1096 2442 hoc
1121 2413 1260 2453 arrepto
1285 2408 1401 2441 nescio
1425 2406 1503 2451 quis
1527 2405 1667 2450 ineptus
1684 2406 1762 2439 viu

69 2457 171 2491 detur
203 2467 339 2489 versum
374 2455 583 2498 procudisse.
619 2476 665 2481 —-
712 2456 791 2491 420.
814 2457 869 2490 hic
903 2467 1037 2501 quoque
1060 2466 1189 2498 pannus
1219 2454 1357 2498 putidus
1381 2458 1435 2486 est
1468 2451 1739 2497 interpolatoris.

70 2502 318 2536 animadvertit
351 2502 484 2535 Hector
517 2503 657 2536 fratrem
692 2503 909 2548 Polydorum.
943 2503 1007 2535 hoc
1043 2501 1159 2534 dicere
1189 2501 1274 2534 satis
1302 2499 1422 2533 habuit
1447 2498 1567 2539 Hom.;
1602 2498 1740 2542 ineptus

69 2549 324 2582 Grammaticus
359 2547 545 2581 inculcavit
578 2549 735 2582 sublecta
766 2550 946 2594 superiore
980 2559 1102 2588 versu,
1137 2558 1223 2591 quae
1256 2557 1319 2591 per
1355 2557 1392 2578 se
1419 2543 1668 2587 intelliguntur.
1694 2561 1741 2567 —-

67 2595 262 2631 431—33.
288 2594 374 2627 male
397 2594 558 2637 repetita.
583 2606 650 2628 non
676 2595 901 2629 lacessiverat
924 2594 1024 2627 dictis
1047 2593 1227 2626 Hectorem
1253 2591 1421 2625 Achilles:
1447 2601 1607 2632 quorsum
1632 2588 1740 2633 igitur

68 2641 140 2675 ista
173 2638 248 2675 ἐπεὶ
277 2659 318 2664 -—
343 2640 622 2684 μυθήσασθαι.)
657 2641 722 2674 imo
758 2653 821 2686 par
847 2652 909 2685 pro
933 2640 1007 2682 pari
1032 2640 1184 2672 referens
1209 2638 1386 2681 Trojanus
1409 2636 1532 2670 nullam
1558 2647 1622 2680 pro
1647 2634 1740 2668 nulla

69 2687 212 2721 salutem
234 2685 348 2719 reddit
373 2692 408 2719 et
433 2688 476 2720 ad
502 2698 572 2720 rem
598 2693 783 2731 properat,
812 2688 907 2721 velut
933 2687 1106 2719 Vulcanus
1131 2683 1182 2726 σ’,
1206 2683 1286 2719 424.
1323 2684 1387 2717 hoc
1409 2678 1741 2734 xapautnotqundv

68 2732 104 2766 in
127 2739 274 2776 utroque
300 2733 422 2773 beroe,
459 2733 667 2777 dignumque
703 2739 756 2766 est
780 2732 921 2768 Homeri
946 2732 1094 2775 iugenio.
1120 2742 1228 2774 quare
1253 2730 1392 2763 valeant
1415 2727 1555 2774 pessimi
1578 2727 1637 2760 isti
1662 2738 1739 2766 cor:

68 2784 232 2822 ruptores
254 2778 426 2812 librorum.
445 2799 490 2804 —-
513 2780 594 2814 434.
621 2778 729 2814 οἶδα
754 2779 822 2821 δὲ,
848 2777 935 2814 οἶδα
960 2776 1019 2821 δή.
1045 2797 1088 2803 -—
1113 2777 1192 2812 470.
1219 2788 1295 2810 ann.
1313 2776 1389 2809 dele
1408 2773 1526 2808 vocab.
1542 2774 1739 2819 neglectus:

68 2835 179 2867 neque
193 2824 279 2857 enim
302 2824 355 2857 hic
373 2825 507 2868 quidem
519 2825 706 2868 neglectus,
725 2827 784 2859 sed
799 2826 884 2860 male
896 2825 1032 2858 additus
1043 2823 1344 2866 estapostrophus.
1364 2841 1409 2846 —
1424 2818 1502 2855 474.
1514 2819 1736 2853 anmscnuba·

68 2880 133 2916 pro
147 2871 208 2902 uti.
223 2888 265 2895 -
276 2869 356 2903 494.
371 2882 392 2905 6
402 2874 436 2902 et
446 2882 539 2905 nnon
553 2871 654 2904 semel
666 2873 816 2907 confusa.
828 2872 878 2905 sic
889 2871 954 2904 suit
967 2881 1040 2903 cum
1054 2869 1225 2911 legeretur
1239 2869 1273 2901 in
1285 2867 1382 2901 libris
1394 2866 1526 2909 ἔκθορε
1537 2876 1598 2909 pro
1607 2862 1740 2907 ἔσθορε

71 2915 126 2954 φ’,
157 2916 211 2950 18.
239 2915 378 2950 cs-ibid.
398 2915 475 2952 495.
495 2928 561 2950 ann
578 2943 585 2957 ,
601 2916 669 2951 Od.
680 2917 726 2963 β’,
745 2921 801 2953 68.
816 2928 893 2952 ann.
909 2917 998 2957 ‚Od.
1018 2913 1152 2958 03247.
1167 2918 1232 2948 etc.
1252 2933 1298 2938 —
1318 2911 1452 2948 144..=3n
1476 2913 1739 2953 ποταμοῖο,

72 2960 141 3007 ἔξω
166 2974 247 2996 ποτ.
275 2973 306 2996 v.
333 2961 372 2996 11.
397 2961 441 3007 ξ’,
467 2965 543 2999 130.
577 2966 643 2999 etc.
668 2983 713 2990 —
736 2964 817 3002 204.
842 2960 1169 3009 ἐρεπτόμενοι
1192 2959 1381 2996 ducendum
1398 2959 1441 2994 ab
1459 2955 1622 3003 ἐρέπτειν
1636 2968 1738 2993 sensu
