1821 3288
531 131 1115 172 ΟΔΤΣΣΕΙΑΣ
1175 134 1218 173 Τ.

1615 134 1695 175 131

172 243 322 289 Agelaus
345 240 506 288 placabili
530 241 687 276 oratione
721 241 849 288 optimo
872 251 1050 287 procorum
1075 240 1205 276 nubere
1229 242 1427 289 Penelopen
1447 243 1561 288 jubet.

285 307 365 362 ,ΪΩ
394 311 530 366 φίλοι,
565 310 649 354 οὐκ
677 308 734 352 οἶν
766 309 818 365 δή
849 327 914 361 τις
943 310 1010 354 ἐπὶ
1042 309 1222 364 ῥηθέντι
1249 312 1405 369 δικαίῳ

202 366 415 438 ἀντιβίοις
444 368 611 411 ἐπέεσσι
639 367 974 420 καθαπτόμενος
1002 369 1219 438 χαλεπαιτ
1215 383 1277 409 οι

201 425 308 494 μήτε
339 442 381 468 τι
409 424 489 468 τὸν
519 427 662 476 ξεῖνον
690 427 972 478 στυφελίζετε,
1006 424 1111 481 μήτε
1142 423 1219 466 τιν’
1252 423 1391 467 ἄλλον

88 484 171 528 325
203 481 374 534 δμώων,
407 484 450 525 οἱ
479 481 590 526 κατά
620 481 787 535 δώματ’
810 480 1058 554 Ὀδυσσῆος
1086 483 1241 524 θείοιο.

208 538 441 609 Τηλεμάχῳ
473 538 519 582 δέ
549 555 596 582 κε
627 543 776 593 μῦθον
806 539 888 593 ἐγώ
918 540 992 583 καὶ
1021 539 1172 595 μητέρι
1201 537 1340 594 φαίην

199 595 345 650 ἤπιον,
374 599 414 639 εί
442 605 587 665 σφωϊν
617 597 792 667 κραδίῃ
806 596 906 640 ἅδοι
936 596 1235 666 ἀμφοτέροιιν

202 653 324 708 ὄφρα
355 670 434 708 μεν
462 654 572 707 υμῖν
601 652 745 708 θυμὸς
775 653 840 695 ἐνὶ
870 651 1105 709 στήθεσσιν
1134 651 1303 705 ἐώλπει,

198 709 429 765 νοστήσειν
453 709 649 766 Ὀδυσῆα
678 709 963 782 πολύφρονα
973 710 1075 753 ὅνδε
1098 708 1312 783 δόμονδε,

87 773 171 813 330
201 766 331 824 τόφρ’
361 767 482 818 οὔτις
508 768 688 834 νέμεσις
710 768 893 838 μενέμεν
921 765 963 808 τ’
993 769 1063 821 ἢν,
1094 766 1331 836 ἰσχέμεναί
1340 779 1386 808 τε

199 829 452 896 μνηστῆρας
480 825 592 868 κατὰ
625 821 805 893 δώματ’,
841 822 934 865 ἐπεὶ
961 822 1062 866 τόδε
1090 823 1268 876 κέρδιον
1302 824 1396 878 ήεν,

200 883 239 924 εἰ
267 880 446 952 νόστησ’
471 879 695 930 Ὀδυσεύς,
725 879 800 922 καὶ
814 877 1083 950 ὑπότροπος
1117 881 1232 923 ἵκετο
1266 880 1418 932 δῶμα·

199 942 286 981 νῦν
316 937 358 1008 δ’
387 937 473 994 ἤδη
502 937 601 981 τόδε
631 939 782 992 δῆλον,
813 935 880 979 ὅτ’
911 936 1060 980 οὐκέτι
1087 934 1294 991 νόστιμός
1323 936 1454 977 ἐστιν.

201 993 291 1038 ἀλλ’
323 993 411 1066 ἄγε,
443 997 501 1063 σῆ
528 992 633 1036 τάδε
663 993 792 1049 μητρὶ
819 992 1113 1065 παρεζόμενος
1142 993 1396 1044 κατάλεξον,

87 1055 170 1098 335
199 1050 409 1107 γήμασθ’,
443 1050 563 1102 ὅστις
593 1049 775 1104 ἄριστος
804 1047 932 1118 οἷνῆρ,
963 1051 1037 1093 καὶ
1066 1055 1246 1093 πλεῖστα
1276 1048 1481 1107 πόρῃσιν,

169 1108 319 1162 όφρα
350 1107 406 1152 σύ
434 1107 513 1162 μὲν
535 1109 711 1177 χαίρων
731 1108 934 1158 πατρώϊα
962 1106 1106 1151 πάντα
1135 1106 1306 1163 νέμηαι,

197 1165 360 1220 ε’σθων,
391 1164 465 1208 καὶ
493 1167 650 1217 πίνων,
681 1182 708 1221 η
741 1163 785 1208 δ’
818 1164 957 1208 ἄλλου
988 1167 1114 1221 δῶμα
1144 1166 1339 1221 κομίζῃ“

242 1267 298 1301 cui
322 1268 512 1313 respondet
536 1267 791 1310 Telemachus,
823 1279 886 1302 nec
910 1279 949 1302 se
972 1249 1140 1314 impedire
1163 1266 1285 1303 matris
1319 1266 1480 1313 nuptiaS,
1515 1277 1578 1300 nec
1602 1264 1700 1300 domo

160 1314 222 1349 inv
223 1313 305 1349 itam
331 1315 550 1360 expulsurum
575 1325 664 1349 esse.

278 1381 367 1427 Τὸν
397 1380 442 1426 δ’
473 1377 528 1425 αὖ
565 1381 817 1437 Τηλέμαχος
845 1381 1124 1436 πεπνυμένος
1153 1381 1306 1425 ἀντίον
1334 1381 1477 1440 ηὔδα

21 1471 25 1475 -
197 1439 290 1491 ,,οὐ
325 1457 383 1495 μα
417 1438 534 1510 Ζῆν’,
568 1438 751 1508 Ἀγέλαε,
781 1438 854 1482 καὶ
885 1437 1024 1508 ἄλγεα
1049 1438 1218 1492 πατρὸς
1247 1439 1394 1493 ἐμοῖο,

78 1496 209 1544 340
193 1497 241 1549 ός
270 1513 358 1541 που
387 1495 473 1549 τῆλ’
500 1494 702 1565 Ἰθάκης
713 1493 743 1552 ἢ
772 1495 965 1564 ε’φθιται,
995 1493 1024 1550 ἢ
1055 1493 1282 1550 αλάληται,

196 1553 296 1598 οὔτι
326 1554 548 1625 διατρίβω
567 1550 732 1607 μητρὸς
759 1551 935 1608 γάμον,.
924 1552 1058 1595 ,duob
1088 1552 1253 1595 κελεύω

192 1609 405 1668 γήμασθ’,
436 1612 470 1682 ᾠ
501 1607 548 1653 κ’
581 1609 723 1666 ἐθέλῃ,
754 1610 855 1652 ποτὶ
884 1607 929 1653 δ’
962 1610 1125 1652 ἄσπετα
1155 1611 1278 1663 δῶρα
1311 1598 1490 1666 δίδωμι·

189 1669 391 1726 αἰδέομαι
421 1665 466 1712 δ’
497 1664 718 1711 οἷέκουσαν
748 1665 837 1711 ἀπὸ
867 1666 1074 1723 μεγάροιο
1105 1667 1279 1710 δίεσθαι

61 1827 261 1864 322-325.
285 1824 329 1869 6',
352 1824 465 1862 413—
471 1825 527 1860 16.

14 1879 17 1882 ’
63 1875 263 1910 326-337,
294 1874 503 1918 μῦθον
492 1870 660 1916 ήπιον,
684 1871 839 1927 verbum¹

17 1922 124 1962 mite,
157 1919 383 1954 conditionem
408 1930 573 1964 aequam.¹
596 1918 637 1952 Il.
662 1915 708 1959 κ’,
731 1919 834 1953 2883

8 1966 142 2011 ἀὕταρ
182 1979 202 2002 ο
233 1968 414 2011 μειλίχιον
461 1966 592 2007 μῦθον
625 1964 715 2009 φέρε
756 1967 834 2000 Κα-

8 2014 189 2066 δμείοισι.
206 2032 252 2038 -
264 2012 356 2049 ’.Οδ
381 2010 682 2055 πολύφρονα.
706 2009 750 2053 ξ’,
766 2008 835 2046 424

14 2063 89 2096 etc'.
115 2079 158 2088 —·
183 2058 397 2104 νέμεσις,
434 2057 585 2102 μέμψις.
611 2056 659 2099 α’,
683 2057 764 2092 350.
790 2075 834 2081 -

20 2107 95 2151 ἰσχ
90 2105 289 2163 ἔμεναι,
325 2106 432 2151 ξ’,χειν
456 2106 634 2149 κατέχειν,
664 2105 831 2137 detinere.

16 2152 58 2188 Il.
77 2151 115 2196 ι’,
133 2154 202 2189 255
222 2158 288 2187 etc.
321 2164 360 2187 os
381 2151 543 2187 homffinis!
573 2150 731 2185 detinere
750 2161 832 2195 pro—

20 2211 78 2234 cos
103 2200 196 2245 apud
220 2211 258 2234 se
283 2200 333 2233 ait.
357 2199 578 2252 Penelopen,
612 2197 668 2230 cui
699 2197 831 2230 invitae

17 2246 169 2282 assident
181 2246 348 2290 quotidie,
368 2243 536 2279 conviviis
553 2243 685 2277 domum
702 2242 831 2287 regiam

19 2292 272 2328 Exhaurientes.
295 2312 341 2317 —
378 2289 677 2344 ὑπότροπος,
709 2291 830 2322 redunt.

17 2334 69 2396 χ’,
85 2341 142 2381 35,
167 2339 208 2372 Il.
234 2338 275 2381 ζ’,
299 2341 380 2381 367,
406 2340 486 2373 501.
509 2357 552 2362 --
577 2335 829 2378 νόστιμος.

17 2384 63 2426 θ’,
87 2387 167 2427 806,
200 2384 247 2429 α’,
271 2387 293 2420 9
319 2391 387 2419 etc.
418 2403 464 2409 —
496 2385 653 2428 παρεζ.
687 2381 831 2416 κατά-

18 2433 168 2474 λεξον.
198 2431 242 2472 δ’,
265 2432 346 2467 738.
380 2451 423 2456 -
457 2430 654 2475 νέμηαι,
679 2430 831 2472 fruaris.

18 2479 109 2518 ⁴164,
135 2475 184 2533 β’,
207 2480 273 2514 167
297 2484 363 2512 etc
395 2496 440 2502 —-
475 2475 653 2517 ἔσθων,
687 2489 719 2511 κ.
751 2476 829 2510 πί-

19 2536 122 2558 νων.
159 2535 198 2566 ε,
237 2526 303 2560 197
337 2529 404 2558 etc.
430 2543 474 2548 —-
510 2525 689 2567 κομίζῃ
728 2524 768 2555 Α.
794 2524 828 2564 2,

19 2570 94 2605 Ald.
119 2571 153 2606 3.
177 2573 213 2604 et
236 2571 386 2604 nonnulli
411 2569 501 2630 apud
527 2570 602 2611 Cl.‚
634 2570 692 2609 W,
717 2568 758 2603 B.
786 2570 827 2603 A.

17 2616 51 2652 3.
84 2618 237 2660 κομίζοι.
264 2616 390 2660 vulgo·
427 2617 562 2661 ι’κηται.
599 2615 648 2649 E:
685 2612 754 2657 ὅρα
785 2614 827 2649 τὸ

14 2661 173 2699 ἔσθων
197 2661 278 2697 καὶ
301 2664 464 2706 πίνων,
491 2663 529 2698 ἐν
558 2661 614 2704 οἷς
639 2659 658 2697 ὁ
685 2674 828 2705 τρυφη-

16 2708 82 2754 τής
101 2708 268 2755 Ἀγέλαος
299 2707 342 2743 τὸ
378 2689 620 2754 ἀνθρώπινον
654 2707 827 2752 περιγρά-

17 2767 80 2801 φει
101 2756 224 2792 καλόν.
249 2757 450 2799 σημείωσαι
474 2755 514 2791 δὲ
532 2756 599 2812 <καὶ
618 2754 661 2790 τό
691 2754 730 2790 ἐν
748 2759 828 2795 τοῖς

16 2804 215 2861 μνηστῆρσι
237 2801 492 2860 πολύβουλον,
528 2799 549 2838 ὃ
582 2802 644 2837 και
668 2800 828 2841 στάσεως

17 2843 62 2894 ἦν
95 2848 191 2890 εἰκυς
226 2848 398 2906 γενέσθαι
445 2844 494 2883 οἶν
527 2847 656 2890 αὐτοῖς
690 2849 825 2892 αἴτιον,

17 2895 116 2940 εἴπερ
148 2895 338 2940 ἐτεθνήκει
358 2894 441 2931 ’.Οδ
465 2895 626 2940 Ἀγέλαος
656 2907 724 2940 μεν
753 2893 825 2940 γάρ

17 2939 136 2978 ἐθέλει
164 2943 230 2978 τὸν
267 2942 483 3000 Τηλέμαχον
511 2941 636 2977 πάντα
667 2943 826 2985 πατρῷα

15 2987 192 3033 νέμεσθαι
213 2988 305 3036 μετὰ
329 2989 396 3026 τὸν
425 2989 492 3034 τῆς
521 2985 660 3036 μητρὸς
681 2988 823 3035 γάμον·

880 1824 1038 1884 ξτέρωθι
1068 1825 1111 1862 δέ
1141 1838 1215 1861 τινι
1238 1824 1311 1870 πρὸ
1335 1821 1479 1861 τούτων
1502 1821 1578 1869 (β,
1601 1822 1696 1867 335)

879 1872 1027 1919 ἤρεσκε,
1060 1874 1107 1908 τὰ
1130 1871 1197 1916 μὲν
1229 1871 1321 1907 ἄλλα
1344 1872 1467 1906 πάντα
1491 1872 1698 1911 δάσασθαι,

880 1923 925 1966 τῇ
949 1920 990 1955 δὲ
1006 1920 1215 1965 Πηνελόπῃ,
1240 1919 1303 1954 καὶ
1328 1914 1368 1960 ὃς
1392 1914 1439 1952 ἂν
1456 1915 1596 1959 ὀπυίοι,
1621 1930 1695 1960 αφ-

882 1972 979 2002 εῖναι
1001 1967 1044 2001 τό
1072 1968 1192 2010 δῶμα,
1218 1965 1262 2000 τό
1290 1965 1341 2010 μή
1369 1963 1510 2021 ἐκείνης
1533 1963 1588 1999 ὄν.
1610 1962 1694 1999 Ὀδ.

879 2026 951 2059 γαρ
975 2014 1027 2060 τῷ
1048 2014 1117 2059 υἱῷ
1142 2011 1321 2057 ἐκτήσατο
1347 2010 1463 2053 αὐτὸ,
1491 2008 1597 2047 καθὰ
1620 2010 1694 2056 πρὸ

881 2050 1016 2106 ὀλίγων
1041 2050 1146 2105 (26‘5)
1171 2059 1316 2104 εἴρηται
1341 2063 1409 2092 etc.

923 2151 1121 2189 340—344.
1155 2150 1381 2195 ἔφθιται
1405 2149 1447 2184 Il.
1473 2148 1516 2192 6',
1541 2151 1623 2185 99.=
1648 2168 1693 2174 —

877 2197 898 2235 ὁ
924 2212 992 2244 μεν
1014 2199 1115 2243 μάλα
1138 2197 1272 2244 τηλόθι
1295 2197 1439 2242 πάτρης
1453 2195 1633 2256 ”Εφθιτ’·,
1656 2194 1691 2231 ἐ·-

877 2251 960 2290 μεῖο
986 2246 1026 2281 δὲ
1052 2246 1097 2291 δῆ
1103 2257 1174 2280 σεν.
1199 2265 1243 2270 —
1268 2246 1340 2279 Am.
1366 2244 1430 2278 Β.·
1464 2243 1572 2279 ουτι
1595 2244 1692 2278 δια-

876 2295 1024 2339 τρίβω
1049 2291 1112 2340 (β,
1126 2290 1196 2327 ΞΟ4
1216 2293 1314 2335 etc.)
1340 2290 1406 2334 οὐχ
1429 2289 1692 2334 υπερτίθεμαι.

876 2340 980 2374 δάιε
1005 2340 1251 2382 διατρίβω.
1275 2338 1417 2371 κωλύω.
1441 2357 1487 2362 -
1513 2338 1692 2380 δίδωμι

876 2388 916 2419 A
941 2388 975 2421 2.
1000 2391 1036 2420 et
1059 2388 1113 2427 3.,
1142 2385 1219 2419 Ms.
1246 2384 1401 2418 Thomae
1426 2384 1576 2427 Bentleji
1599 2383 1691 2428 apud

877 2432 951 2474 Cl.‚
977 2433 1054 2466 Ald.
1080 2435 1126 2473 3,
1152 2432 1276 2472 Earn„
1302 2431 1359 2473 W,
1386 2431 1426 2463 B.
1453 2432 1566 2484 ceteri<
1589 2429 1688 2463 libri:

876 2480 1083 2519 6t'6co61,ut
1107 2477 1152 2511 E.
1176 2476 1376 2518 τουτέστιν,
1401 2476 1524 2520 inquit,
1554 2471 1595 2532 69
1621 2472 1688 2510 αὖ·

873 2527 919 2571 τῇ
942 2523 1057 2561 πολλα
1078 2524 1250 2558 δίδωσιν·
1278 2521 1356 2558 elno*
1375 2535 1506 2557 κοινου
1531 2535 1602 2567 γαρ
1625 2525 1689 2566 λη-

874 2571 986 2607 πτέον
1009 2571 1051 2605 τὸ
1079 2569 1138 2611 ός.
1163 2569 1289 2604 fortius
1314 2574 1370 2603 est
1392 2569 1543 2611 δίδωμι,
1567 2580 1688 2613 quam-

874 2618 927 2651 vis
952 2618 1043 2652 haud
1077 2629 1118 2650 ex
1142 2628 1237 2651 more
1261 2616 1490 2649 Telemachus
1515 2615 1571 2648 vel
1595 2616 1686 2648 dona

874 2676 911 2698 se
937 2663 1170 2710 praebiturum
1195 2662 1292 2695 dicat.
1316 2662 1368 2703 ei,
1405 2662 1463 2706 qui
1487 2661 1592 2694 ducat
1616 2673 1687 2695 ma-

873 2715 984 2751 trem3
1021 2722 1109 2755 quae
1143 2720 1199 2742 res
1223 2708 1309 2742 male
1344 2688 1464 2741 h’abuit
1486 2707 1685 2749 Clarkeum,

872 2757 1107 2791 conferentem
1131 2756 1223 2796 335,
1256 2752 1297 2795 λ,
1321 2753 1411 2790 281
1443 2750 1495 2795 π’,
1519 2754 1577 2794 77,
1601 2755 1684 2796 392,

873 2817 925 2848 φ,
952 2805 1015 2839 161
1041 2807 1078 2836 et
1101 2803 1172 2842 62,
1194 2800 1319 2846 quibus
1342 2800 1376 2833 in
1400 2799 1483 2833 locis
1504 2810 1684 2844 procorum

872 2851 962 2883 dona
985 2852 1225 2891 memorantur,
1261 2847 1322 2880 sed
1347 2857 1413 2879 non
1436 2845 1529 2891 fugit
1552 2846 1683 2880 Barne-

870 2897 968 2938 sium,
995 2894 1037 2931 τό
1065 2896 1202 2938 δίδωμι
1225 2893 1386 2937 majorem
1410 2892 1594 2926 ostendere
1614 2892 1683 2925 Te·
1714 2928 1716 2930 ,

871 2921 1015 2977 lemazhi
1047 2941 1272 2976 alacritatem.
1309 2958 1353 2963 —
1385 2937 1613 2984 αἰδέομαι
1636 2956 1683 2963 —-

870 2988 1121 3025 τελέσειεν.
1145 2998 1179 3021 v·
1202 2983 1246 3030 ρ’,
1271 2985 1351 3020 398.
1375 2989 1411 3020 et
1434 2986 1492 3021 99.

1282 3032 1345 3075 9*
