1821 3288
842 807 893 846 Δ.

315 939 541 1004 ΕΙΣ
605 934 1413 1021 Α-ΦΡΟΔΙΤΗΝ.

537 1237 1190 1293 ARGUME‘NTUM.

254 1342 375 1383 Poeta,
410 1345 589 1388 postquam
613 1341 758 1376 Veneris
783 1342 971 1387 potentiam
996 1342 1195 1383 celebravit,
1218 1352 1320 1386 quam
1343 1344 1414 1375 tres
1437 1342 1565 1374 tantum
1590 1339 1687 1380 deae,

169 1388 342 1431 Minerva,
364 1388 476 1422 Diana
499 1393 535 1422 et
559 1389 678 1430 Vesta,
700 1400 769 1424 non
792 1395 874 1422 sunt
899 1394 1084 1432 expertae,
1119 1399 1243 1422 canere
1266 1387 1388 1432 incipit
1418 1386 1598 1420 immissum
1621 1387 1688 1431 ipsi

172 1436 216 1468 ab
239 1435 325 1468 Jove
348 1445 495 1472 amorem
511 1434 693 1474 Anchisae,
717 1446 760 1467 ne
785 1433 827 1467 de
852 1433 917 1467 diis
940 1433 1005 1467 sibi
1031 1432 1188 1468 obnoxiis
1212 1433 1353 1476 amplius
1377 1432 1594 1476 gloriaretur.
1620 1444 1688 1483 quo

171 1492 288 1514 amore
310 1480 450 1515 incensa
473 1480 610 1520 Venus,
646 1490 666 1512 a
691 1479 825 1514 Gratiis
860 1485 1042 1518 exornata,
1080 1479 1123 1512 ad
1148 1478 1242 1512 Idam
1276 1483 1420 1514 montem
1446 1478 1687 1521 proficiscitur,

168 1525 319 1569 ibique,
341 1525 555 1567 dissimulata
589 1524 794 1565 divinitate,
825 1537 898 1559 cum
925 1525 1072 1559 Anchise
1105 1524 1297 1563 concumbit
1328 1525 1363 1557 in
1396 1525 1560 1565 stabulis3
1597 1524 1686 1567 dein,

162 1583 258 1616 ‚quae
282 1571 338 1612 sit,
364 1571 527 1615 professa,
554 1571 725 1610 timentem
751 1571 816 1608 sibi
841 1572 886 1605 ob
911 1571 1086 1604 audaciam
1114 1571 1283 1604 Anchisen
1308 1571 1431 1606 bonum
1455 1569 1598 1603 animum
1624 1571 1686 1605 ha*

168 1618 251 1662 bere
272 1617 390 1661 jubet,
416 1621 456 1650 ut
479 1618 534 1651 cui
558 1618 698 1653 faveant
722 1617 790 1659 dii,
816 1617 1095 1662 quemadmodum
1122 1615 1357 1661 pulcherrimis
1381 1627 1514 1660 semper
1535 1616 1686 1656 faverint

33 1700 39 1707 ,
108 1702 111 1704 ,
146 1663 274 1705 ¹Trois
297 1664 467 1708 posteris,
504 1663 631 1708 quique
655 1675 696 1697 ex
720 1675 757 1698 se
779 1663 854 1708 ipsa
878 1663 984 1701 fiiium
1008 1666 1230 1707 suscepturus
1254 1662 1320 1704 sit,
1355 1662 1580 1706 Trojanorum
1607 1662 1688 1696 olim

84 1730 87 1733 >
118 1729 143 1740 «-
167 1708 285 1753 'regem
308 1709 478 1749 suturu1n3
514 1720 630 1753 quem,
655 1720 675 1742 a
699 1708 868 1753 Nymphis
892 1710 1095 1751 educatum,
1128 1708 1195 1753 ipsi
1219 1708 1296 1741 olim
1319 1708 1480 1741 traditum
1505 1708 1548 1741 iri
1572 1708 1622 1742 ait
1643 1720 1686 1743 ea

167 1755 266 1799 lege,
289 1761 328 1787 ut
352 1766 415 1796 ne,
449 1760 587 1789 matrem
611 1766 648 1788 se
670 1754 759 1788 illius
785 1766 881 1795 esse,
907 1754 1104 1799 patefaciat.
1147 1755 1269 1799 quibus
1292 1753 1460 1795 mandatis
1485 1754 1529 1789 ad
1553 1754 1683 1795 coelum

169 1800 236 1837 dea
257 1799 374 1845 rediit,
397 1803 501 1847 poeta
524 1806 636 1842 autem
657 1799 761 1836 solita
784 1800 934 1835 clausula
955 1800 1035 1839 finit
1057 1802 1224 1847 hymnum.

93 2021 95 2023 ’
199 1994 416 2071 Μοῦσά
446 2043 523 2083 μοι
550 2023 700 2072 {wem
728 2028 836 2082 ἔργα
861 2021 1144 2082 πολυχρύσου
1172 2024 1444 2085 Ἀφροδίτης,

197 2083 443 2140 Κύπριδος,
472 2083 544 2146 ἥτε
570 2084 841 2129 θεοῖσιν-ἐπὶ
867 2085 1034 2141 γλυκὺν
1063 2084 1216 2140 ἵμερον
1245 2085 1375 2138 ὦρσε,

30 2248 33 2250 ,
54 2256 56 2259 ,
75 2218 336 2262 Annotationes·
377 2220 620 2265 Argumentum
643 2220 742 2265 hujus
764 2220 831 2266 hy-

28 2265 269 2310 mni1simplex
304 2270 339 2300 et
369 2267 473 2301 facile
503 2267 646 2302 inventu
675 2266 756 2312 quin
788 2278 830 2301 ex

27 2323 92 2349 auo
119 2311 225 2356 ipsius
248 2313 384 2356 ingenio
408 2313 562 2347 hauserit
585 2316 707 2357 posta,
742 2324 831 2358 quo-

30 2357 140 2395 minus
161 2358 407 2401 existimemus,
430 2359 515 2392 nihil
539 2359 721 2403 prohibere
745 2358 831 2396 dicit

30 2402 117 2446 llg.;
158 2403 292 2444 fundum
334 2413 449 2439 tamen
490 2405 628 2441 fabulae
669 2411 831 2440 narratae

31 2459 107 2487 esse
132 2454 229 2492 putat
251 2461 369 2490 versus
391 2451 466 2485 illos
493 2452 533 2485 ll.
557 2451 602 2492 v'‚
626 2451 726 2486 307.=
762 2450 832 2485 νῦν

30 2493 72 2530 δὲ
103 2493 150 2537 δὴ
183 2495 327 2532 Αἰνείαο
369 2498 430 2542 βίη
467 2496 650 2539 Τρώεσσιν
692 2494 830 2539 ἀνάξει,

29 2540 105 2580 Καὶ
130 2544 260 2582 παῖδες
280 2543 445 2586 παίδων,
468 2546 527 2578 τοί
550 2555 610 2578 κεν
631 2541 830 2586 μετόπισθε

29 2586 218 2632 γένωνται.
254 2599 381 2632 „quem
405 2591 513 2628 locum
548 2590 583 2623 in
615 2600 709 2623 usum
734 2600 829 2625 suum

29 2634 194 2668 transfert
216 2635 490 2679 hymnographus
513 2635 667 2669 versibus
692 2636 769 2669 196.
794 2638 832 2668 et

27 2681 83 2716 97.
115 2679 253 2714 videtur
286 2686 398 2713 autem
437 2686 552 2718 aetate
595 2682 667 2725 ejus
703 2680 830 2714 alicubi

27 2725 187 2765 floruisse
209 2737 369 2770 regnum,
403 2727 493 2770 quod
520 2728 563 2762 ab
587 2729 720 2767 Aenea,
753 2728 827 2761 An-

30 2771 146 2810 chisae
176 2771 270 2813 filio,
301 2771 480 2807 fundatum
515 2784 591 2809 esse
617 2772 826 2807 crederetur.

27 2823 143 2857 notum
167 2818 254 2860 enim
277 2822 350 2859 est,
387 2818 541 2859 diversas
573 2820 665 2864 apud
691 2824 827 2853 veteres

28 2863 74 2898 de
115 2866 252 2906 Aeneae
290 2864 467 2899 erroribus
501 2877 542 2900 ac
579 2865 716 2902 sedibus
751 2876 828 2898 esse

28 2908 252 2957 traditiones,
277 2921 352 2945 cum
375 2910 436 2947 alii
459 2911 495 2947 in
515 2910 686 2956 Thracia,
709 2910 768 2946 alii
791 2910 827 2944 in

875 2219 1044 2263 Arcadia,
1083 2218 1221 2259 Sicilia,
1262 2217 1364 2251 Italia
1403 2214 1549 2260 denique
1586 2212 1678 2248 ilium

876 2267 1072 2302 consedisse
1098 2268 1290 2300 narrarent.
1333 2263 1368 2296 id
1400 2261 1507 2305 igitur
1536 2272 1677 2304 regnum

876 2313 1104 2360 quodcunque
1127 2311 1204 2353 fuit,
1230 2308 1383 2355 quamvis
1407 2306 1512 2352 ipsius
1536 2307 1678 2340 mentio-

876 2372 920 2394 ne
950 2359 1081 2403 injecta
1103 2357 1215 2397 nulla,
1248 2362 1316 2388 tam
1343 2352 1530 2399 praeclaris
1555 2353 1679 2386 funda-

876 2405 960 2441 toris
992 2404 1159 2441 natalibus
1190 2402 1396 2435 illustratum
1427 2398 1531 2433 iverit
1561 2401 1675 2443 poeta,

875 2452 967 2487 sicut
991 2452 1036 2491 Q.
1062 2451 1267 2494 Smyrnaeus
1301 2448 1362 2487 13,
1394 2447 1461 2480 300
1496 2449 1530 2478 et
1563 2456 1676 2488 seqq.‚

876 2496 1113 2542 Virgiliusque
1138 2497 1241 2535 Aen„
1279 2494 1320 2535 3,
1355 2492 1525 2531 96—98,
1571 2494 1606 2522 et
1640 2491 1675 2530 9,

876 2542 1067 2583 446--49.,
1110 2540 1259 2584 ejusdem
1290 2537 1444 2572 Italicum
1477 2535 1675 2568 celebrave-

874 2594 966 2623 runt.
1030 2599 1073 2622 ua
1105 2587 1149 2620 de
1180 2597 1219 2620 re
1251 2596 1283 2618 v.
1314 2582 1448 2627 Heynei
1480 2592 1610 2614 excurs.
1641 2581 1673 2615 1.

875 2635 919 2670 ad
947 2637 1030 2668 Aen.
1052 2634 1111 2670 3.“
1143 2633 1195 2666 Er
1226 2631 1295 2674 llg.
1326 2627 1404 2662 fieri
1433 2638 1516 2661 sane
1546 2630 1674 2671 potest,

876 2686 915 2715 ut
937 2680 993 2720 hic
1015 2682 1118 2726 poeta
1140 2677 1244 2712 suerit
1267 2675 1449 2718 Trojanus,
1472 2673 1528 2706 cui
1554 2672 1672 2706 natio-

870 2726 905 2760 ni
927 2726 1108 2762 Homerum
1141 2724 1249 2768 ipsum
1278 2731 1460 2763 accensere
1481 2729 1546 2752 non
1571 2717 1672 2752 dubi-

871 2771 960 2809 tavit
1005 2769 1274 2816 elegantissimus
1313 2765 1521 2802 Schubarth.
1566 2765 1672 2798 Ideen

871 2819 956 2854 fiber
987 2818 1088 2853 Hom.
1121 2830 1155 2851 u.
1189 2815 1262 2849 sein
1295 2813 1485 2853 Zeitaltcr,
1517 2821 1553 2854 p.
1589 2812 1669 2846 220.

872 2864 976 2907 „Cet
1006 2864 1129 2909 hymne
1175 2872 1227 2895 me
1264 2858 1389 2892 semble
1431 2856 1610 2901 superieur
1649 2855 1669 2889 ἒι

873 2914 950 2947 tous
973 2922 1059 2945 ceux
1083 2908 1142 2955 qui
1174 2917 1257 2941 nous
1289 2908 1367 2940 sont
1399 2909 1569 2950 parvenus
1591 2913 1670 2937 sous
