1821 3288
108 213 133 215 -—
159 209 330 216 m-⁴..-..---

155 879 355 936 ΕΙΣ
402 873 1063 933 ΑΠΟΛΛΩΝΑ
1123 874 1578 935 ΔΗΛΙΟΝ.

543 1177 1199 1215 ARGUMENTUM.

258 1257 387 1306 Natum
412 1270 580 1317 Apollinis
605 1273 708 1317 poeta
733 1270 968 1304 celebraturus
994 1270 1159 1305 Latonam
1195 1282 1258 1316 per
1281 1272 1405 1306 multas
1426 1278 1541 1306 terras
1573 1273 1706 1307 frustra

175 1317 389 1362 quaesivisse
420 1324 539 1352 narrat
571 1318 704 1357 locum,
739 1317 795 1349 ubi
829 1317 933 1350 filium
961 1322 1127 1361 pareret,
1160 1329 1280 1362 magna
1305 1319 1455 1352 futurum
1490 1319 1646 1364 potentia
1671 1324 1714 1352 et*

183 1363 346 1408 superbia
370 1364 481 1407 (ven-s.
505 1363 560 1398 47.
595 1370 630 1398 et
653 1366 699 1398 66
723 1363 860 1406 seqq),

892 1374 979 1407 quas
1013 1375 1128 1396 omnes
1151 1364 1334 1408 timerent3
1367 1366 1504 1399 tandem
1528 1365 1563 1398 in
1587 1365 1708 1398 Delum

174 1409 397 1455 pervenisse,
429 1421 519 1454 quae
552 1416 588 1444 et
619 1409 696 1454 ipsa
728 1415 883 1442 metuens
918 1420 962 1442 ne
995 1410 1038 1442 ab
1064 1410 1245 1453 Apolline,
1278 1422 1354 1444 cum
1392 1411 1428 1444 in
1461 1411 1569 1444 lucem
1595 1411 1709 1444 editus

173 1460 292 1495 esset,
322 1460 468 1500 propter
502 1455 566 1489 soli
593 1454 816 1499 asperitatem
841 1465 882 1488 ac
912 1454 1129 1488 sterilitatem
1162 1462 1335 1489 contemta
1359 1457 1602 1498 desereretur,
1641 1469 1709 1490 non

174 1500 368 1546 permiserit
392 1502 545 1535 Latonae
580 1508 714 1546 partum
739 1500 844 1533 edere
868 1504 947 1536 ante
972 1512 1070 1545 quam
1102 1501 1327 1545 jurejurando
1364 1503 1593 1544 affirmasset,
1631 1503 1710 1546 pri-

171 1558 259 1580 mum
281 1551 317 1580 et
340 1546 594 1580 celeberrimum
620 1545 788 1592 Apollinis
823 1547 983 1592 templum
1010 1547 1044 1579 in
1069 1558 1111 1580 ea
1133 1547 1246 1581 insula
1271 1553 1484 1584 exstructum
1509 1549 1553 1582 iri
1591 1548 1710 1592 (49—

174 1593 251 1637 88).

305 1597 375 1626 tum
415 1592 623 1626 describitur
657 1598 760 1626 natus
795 1591 873 1633 dei,
918 1593 1148 1637 laudibusque
1180 1594 1334 1629 ludorum
1367 1595 1611 1638 Deliacorum,
1651 1595 1710 1642 qui

177 1637 214 1673 in
238 1639 397 1673 honorem
422 1639 498 1684 ejus
521 1639 692 1674 celebrari
713 1638 889 1681 solebant,
915 1638 1060 1684 hymnus
1085 1640 1314 1676 concluditur.
1363 1642 1397 1675 Ε
1420 1643 1593 1676 Frankeo.

219 1841 536 1930 Μνήσομαι,
569 1875 675 1921 οὐδὲ
704 1878 934 1934 λάθωμαι,
957 1876 1230 1929 ’Λπόλλωνος
1259 1877 1446 1936 ἑκάτοιο,

212 1930 313 1976 ὅντε
341 1931 442 1975 θεοὶ
470 1931 581 1977 navo?
616 1936 742 1991 δῶμα
773 1935 883 1988 Διὸς
911 1935 1176 1993 τρομέουσιν
1206 1934 1353 1988 ἰόντα,

83 2056 344 2094 Anuotationes.
379 2056 589 2092 Vocabulum
601 2057 731 2103 ὕμνος,
757 2060 851 2106 quod

37 2102 81 2137 ab
114 2099 197 2144 ὕω,
234 2101 342 2144 ὕδω,
385 2115 494 2145 cano,
529 2106 684 2149 celebro,
722 2107 851 2141 ducunt

37 2148 107 2182 viri
130 2147 245 2193 docti,
272 2150 443 2184 Homerus
466 2150 501 2183 in
533 2157 656 2186 neutro
687 2154 851 2197 majorum

38 2195 219 2229 carminum
253 2196 454 2240 usurpavit,
484 2197 513 2229 si
538 2208 623 2232 vera
645 2205 736 2242 sunt,
761 2211 852 2244 quae

39 2239 288 2286 disputavimus
319 2253 397 2278 ann.
432 2242 476 2277 ad
512 2242 642 2289 odyss.
675 2244 730 2288 θ’,
760 2246 853 2288 429,

40 2286 99 2320 ubi
131 2287 234 2331 vulgo
267 2287 398 2331 legitur
437 2287 570 2332 ἀοιδῆς
603 2289 752 2335 ὕμνον,
791 2292 851 2326 sed

40 2342 102 2377 pro
135 2344 177 2367 eo
215 2332 324 2367 utitur
358 2345 441 2368 voce
476 2334 625 2380 παιήων
666 2340 711 2380 (v.
744 2338 851 2382 Ilgen.

40 2388 118 2411 ann.
159 2378 204 2412 ad
242 2390 362 2413 nomen
410 2379 616 2427 Ἰηπαιήονι
665 2386 778 2429 hymn.
816 2386 852 2427 2,

41 2424 136 2467 9502
170 2425 266 2458 velut
297 2425 336 2459 11.
370 2425 419 2469 α’,
444 2428 548 2470 472„
579 2434 759 2475 postquam
795 2441 852 2463 sa-

42 2480 133 2503 crum
158 2469 305 2514 Apollini
334 2472 460 2507 factum
478 2499 487 2515 ,
519 2474 626 2519 idque
650 2481 852 2510 consecutas

41 2525 84 2548 ex
108 2525 202 2549 more
227 2516 362 2560 epulas,
387 2520 605 2562 memoravit,
640 2521 690 2555 ita
717 2522 850 2566 pergit:

43 2559 79 2596 οἱ
119 2557 159 2595 δὲ
200 2561 420 2606 πανημέριοι
456 2567 611 2612 μολπῇ
651 2567 744 2603 θεὸν
774 2568 852 2602 ἱλά-

43 2617 198 2648 σκοντο,
224 2607 386 2644 Καλὸν
419 2609 676 2654 αέίδοντες
710 2614 853 2657 παιή-

45 2665 150 2694 ονα,
174 2654 305 2698 κοῦροι
321 2653 485 2702 Ἀχαιῶν,
505 2659 719 2699 Μέλποντες
737 2658 853 2695 ‘Enot-

45 2710 173 2754 foyov·
207 2698 228 2735 ὁ
268 2698 309 2755 δξ
351 2702 469 2745 φρένα
505 2704 645 2748 τέρπετ’
689 2705 853 2742 ἁκούων.

44 2745 94 2779 1b1
116 2756 185 2779 vox
209 2759 370 2791 παιηων,
395 2750 428 2782 h.
451 2763 481 2784 e.
499 2754 724 2788 recentiorum
738 2755 853 2786 Grae-

46 2802 160 2834 corum
182 2791 302 2836 lingua
333 2794 472 2839 παιᾶν,
504 2798 610 2842 primo
644 2805 681 2834 et
714 2800 854 2844 proprio

45 2848 148 2870 sensu
187 2839 360 2883 significat
408 2853 566 2885 carmen,
608 2857 675 2890 quo
715 2846 854 2880 deorum

47 2893 162 2936 pacem
187 2887 405 2930 expetebant.
441 2889 572 2934 quippe
596 2893 753 2936 subjecta
776 2893 855 2926 huic

46 2938 124 2963 voci
157 2933 341 2976 estenotio
375 2934 590 2980 medicandi,
629 2944 666 2973 et
689 2939 853 2974 videban-

894 2064 955 2096 tur
977 2061 1046 2095 sibi
1080 2061 1232 2096 homines
1249 2061 1414 2096 medicari
1439 2062 1601 2096 cantibus
1637 2063 1712 2098 irae

896 2108 1056 2148 deorum,
1080 2108 1136 2142 vel
1156 2108 1224 2153 jam
1258 2114 1379 2151 ortae,
1415 2109 1472 2143 vel
1507 2111 1713 2144 metuendae

896 2165 939 2187 ne
962 2154 1124 2188 oriretur.
1167 2155 1389 2189 continebant
1426 2159 1537 2190 autem
1562 2157 1713 2191 carmina

896 2199 958 2234 illa
995 2212 1062 2234 non
1101 2201 1210 2235 solum
1245 2213 1390 2246 preces,
1421 2201 1485 2234 sed
1518 2202 1621 2236 etiam
1654 2214 1712 2237 res

897 2251 1014 2290 gestas
1046 2246 1209 2288 deorum,
1243 2259 1331 2293 quas
1375 2248 1545 2282 cautando
1583 2249 1713 2282 demul-

899 2304 978 2326 cere
1002 2292 1188 2337 sperabant
1221 2305 1322 2328 aures
1347 2294 1502 2335 divinas,
1535 2293 1627 2327 sicut
1652 2296 1714 2328 he-

898 2341 977 2372 roes
1023 2340 1202 2383 epulantes
1238 2340 1503 2373 delectabantur
1537 2341 1713 2375 citharoe-

899 2385 1021 2418 dorum
1067 2386 1273 2419 carminibus
1317 2386 1360 2419 de
1394 2387 1466 2419 suis
1499 2386 1714 2431 aliorumque

898 2430 1050 2464 virorum
1075 2437 1285 2465 strenuorum
1319 2433 1432 2465 factis.
1468 2433 1518 2466 sic
1551 2433 1653 2466 etiam
1676 2433 1713 2466 in

898 2476 988 2509 sesto
1013 2477 1157 2522 alicujus
1181 2477 1238 2511 dei
1263 2490 1329 2511 non
1357 2478 1387 2511 is
1412 2478 1505 2511 solus
1530 2484 1631 2511 cantu
1656 2490 1712 2512 ce-

898 2521 1118 2564 lebrabatur,
1145 2524 1206 2556 sed
1241 2524 1458 2568 excipiebant
1481 2524 1569 2557 illius
1591 2525 1714 2558 laudes

898 2568 1040 2602 aliorum
1064 2569 1257 2610 numinum,
1281 2581 1341 2603 seu
1367 2576 1613 2613 cognatorum,
1638 2570 1714 2604 sive

898 2614 1055 2648 similium
1080 2622 1116 2649 et
1138 2616 1342 2657 amicorum3
1376 2628 1417 2650 ex
1443 2628 1510 2660 quo
1536 2616 1715 2660 explican-

900 2659 967 2693 dae
991 2665 1071 2695 sunt
1101 2662 1266 2695 formulae
1300 2662 1391 2696 istae
1423 2662 1460 2696 in
1494 2661 1547 2695 his
1579 2662 1713 2707 hymnis

900 2706 968 2742 σεῦ
1009 2705 1042 2742 δ’
1082 2707 1151 2751 ἐγώ
1196 2705 1402 2752 ἀρξάμενος
1441 2708 1714 2753 μεταβήσο-

900 2764 989 2796 μαι
1021 2751 1173 2789 ἄλλον
1206 2754 1253 2793 ἐς
1282 2753 1456 2797 ὕμνον,
1494 2752 1614 2798 αὐτὰρ
1641 2753 1711 2800 ἐγώ

899 2799 961 2834 καὶ
988 2803 1063 2835 σεῖο
1088 2800 1164 2835 καὶ
1198 2798 1341 2844 ἄλλης
1373 2798 1571 2844 μνήσομ’
1607 2798 1714 2836 ἀοι-

902 2845 998 2890 δῆς.
1048 2847 1181 2881 scilicet
1222 2846 1330 2888 diem,
1374 2851 1469 2881 certe
1507 2847 1628 2891 majori
1669 2859 1714 2883 ex

901 2898 1013 2938 parte,
1039 2892 1192 2927 canendo
1215 2893 1455 2934 traducebant,
1478 2893 1714 2945 πανημέριοι,

901 2943 938 2973 et
961 2939 1097 2975 variata
1124 2938 1266 2974 materie
1289 2939 1462 2975 alliciendi
1486 2946 1587 2976 erant
1611 2940 1714 2976 animi

1275 3083 1293 3092 ,-
