1821 3288
537 112 1154 154 ·ΟΔΤΣΣΕ1ΑΣ
1215 115 1264 154 Τ.

172 232 229 272 60
258 223 287 251 ²*
315 218 460 295 ἦλθον
489 223 538 268 δὲ
569 224 712 279 δμωαὶ
745 220 1010 266 λευκώλενοι
1039 220 1087 265 ἐκ
1119 219 1344 293 μεγάροιο

260 283 307 324 αἱ
337 279 383 325 6'
414 280 499 324 ἀπὸ
529 280 609 335 μὲν
639 283 762 325 σῖτον
792 279 936 323 πολὺν
964 278 1121 349 ᾕρεον,
1152 278 1230 334 ἠδὲ
1259 279 1489 333 τραπέζας,

260 338 335 381 καὶ
365 337 499 387 δέπα,
529 337 661 380 ἔνθεν
691 334 764 389 ἄρ’
796 337 951 390 ἄνδρες
979 335 1326 407 ὑπερμενέοντες
1349 337 1526 380 ε’πινον·

262 398 353 448 πῦρ
385 394 428 437 6'
457 392 546 436 ἀπὸ
577 395 863 463 λαμπτήρων
878 392 1066 463 χαμαδις
1095 392 1256 464 βάλον,
1298 392 1408 435 ἄλλα
1439 392 1483 437 δ’
1512 392 1583 437 ἐπ’
1614 391 1763 438 αὐτῶν

263 450 434 508 νήησαν
466 449 574 503 ξύλα
602 450 771 505 πολλοὶ,
803 448 925 506 φόως
955 449 1079 506 ε’μεν,
1111 447 1191 506 η’δὲ
1220 449 1450 505 θέρεσθαι

599 565 699 599 quem
723 552 847 588 iterum
880 553 1040 599 increpat
1063 551 1252 588 Melantho.

175 624 231 667 65
258 620 287 679 ἡ
320 619 363 664 δ’
389 620 573 694 Ὀδυσῆ
603 622 772 666 ἐνένιπε
800 621 1030 665 Μελανθω
1062 619 1270 675 δεύτερον
1302 613 1444 671 αὖτις·

340 678 513 731 ,,Ξεῖν’,
545 680 608 723 ἔτι
636 680 711 723 καὶ
746 683 833 722 νῦν
866 677 1020 746 ἐνθάδ’
1052 676 1248 733 ανιήσεις
1278 677 1352 721 διὰ
1381 676 1523 721 νύκτα

263 735 455 780 δινεύων
483 735 594 779 κατὰ
626 735 776 787 οἶκον,
808 733 1084 785 ὀπιπτεύσεις
1115 735 1162 778 δὲ
1191 739 1430 803 γυναῖκας,

263 791 361 836 ἀλλ’
392 793 536 844 ἔξελθε
565 793 754 845 θύραζε,
786 793 944 842 ταλαν,
975 792 1049 834 καὶ
1079 792 1230 842 δαιτός
1262 789 1425 847 ὄνησο·

260 847 293 906 ἢ
321 866 430 904 ταχα
459 850 536 893 καὶ
566 851 686 907 δαλῷ
717 848 985 904 βεβλημένος
1014 845 1146 891 εἶσθα
1175 847 1384 902 θύραζεμ

722 951 793 995 Uly
797 950 863 984 ssis
913 960 1127 995 respcnsum.

174 1026 228 1065 70

350 1019 441 1075 Τὴν
471 1018 514 1062 δ’
547 1017 621 1073 ἄρ’
653 1016 831 1076 ’ὑπόδρα
860 1017 969 1061 ἰδών
998 1016 1202 1073 προσέφη
1232 1018 1476 1074 πολύμητις
1505 1017 1763 1073 ἫΟδυσσεύς

257 1077 525 1135 ,δαιμονίη
557 1078 600 1119 τί
628 1093 705 1130 μοι
735 1071 818 1118 636'
849 1075 1009 1130 ἐπέχεις
1038 1075 1266 1131 κεκοτηότι
1278 1080 1453 1147 θυμῷ,

257 1107 289 1189 ἦ
320 1133 387 1177 ὅτι
418 1133 472 1187 δὴ
502 1132 680 1204 ῥυπόω,
710 1149 824 1176 κακα
855 1133 900 1176 δὲ
929 1133 1032 1188 χροὶ
1059 1133 1213 1188 εἵματα
1257 1129 1398 1187 εἷμαι,

256 1189 465 1246 πτωχεύω
496 1190 544 1234 δ’
575 1189 661 1234 οένα
693 1192 858 1247 δῆμονς
890 1189 1108 1246 ἀναγκαίη
1137 1205 1225 1245 γαρ
1256 1192 1422 1247 ἐπείγει.

131 1347 297 1385 61-64.
343 1346 434 1385 οἷπὸ
459 1369 506 1374 -
529 1346 697 1407 ᾕρεον,
723 1349 904 1398 ἇφῂρεον.

85 1414 131 1420 -
156 1393 552 1451 νπερμενέοντες,
579 1394 780 1453 οἷγήνορες,
807 1404 845 1431 ut.
868 1397 901 1430 Ε

86 1443 248 1487 explicat.
297 1443 343 1476 cf.
368 1439 411 1484 ν’,
435 1444 516 1481 205,
541 1443 581 1479 11.
606 1442 652 1489 β’,
684 1447 750 1480 116
773 1450 839 1479 etc.
855 1462 901 1468 —·

85 1491 199 1568 ζ’ὦῖιί
223 1468 901 1591 {fissfflfflesstssssssssffizssgp‘ssssfisssss

85 1581 223 1640 integra
253 1581 542 1615 accumulaturae.
603 1580 646 1624 ο’,
686 1584 786 1619 321ω
823 1584 899 1626 πῦρ

86 1640 108 1662 τ
151 1624 195 1663 εν
216 1629 372 1672 νηῆσαι,
405 1625 469 1663 διά
492 1639 530 1663 τε
554 1627 647 1671 ξύλα
674 1628 772 1665 δανοὶ
794 1629 900 1666 κεάσ-

86 1685 160 1709 σαι.
264 1674 315 1707 E:
347 1672 549 1729 νήησαν.
600 1674 819 1720 ἐσώρευσαν.
854 1695 898 1702 —

85 1720 333 1764 θέρεσθαι
358 1718 418 1764 (ρ,
443 1723 501 1762 23,
526 1721 568 1754 Π.
593 1721 634 1764 ζ’,
657 1724 778 1766 331),
809 1725 899 1766 θερ-

85 1768 300 1812 μαίνεσθαι.
349 1766 493 1802 ἔσονται
517 1766 558 1802 δὲ·
585 1769 632 1803 τοὶ
655 1771 812 1805 τοιαῦτα
837 1769 900 1813 ξύ-

85 1816 132 1849 λα
167 1814 267 1858 φῶς
297 1825 365 1856 μεν
398 1811 458 1848 ἐπὶ
496 1816 726 1871 λαμπτῆρος,
765 1816 899 1861 θέρε-

88 1862 208 1895 σθαι
232 1857 272 1894 δὲ
298 1858 360 1894 ἐπ’
387 1856 612 1904 ἐσχάρας,
588 1875 632 1905 ης
655 1861 761 1908 ἐγγυς
786 1869 900 1898 κείσε-

86 1919 148 1941 ται
172 1905 190 1941 ὃ
217 1907 353 1951 δίφρος
383 1909 434 1953 τῷ
468 1905 650 1945 Ὀδυσσεῖ.
699 1910 765 1943 imo
798 1909 901 1944 etiam

86 1952 156 1997 ipsi
179 1952 387 1997 Penelopae.
434 1964 467 1985 v.
490 1955 549 1996 55,
576 1959 612 1989 et
636 1955 682 1991 cf.
704 1954 744 1999 ε’,
768 1957 826 2000 59,
851 1955 901 2001 η’,

87 2001 168 2042 153,
192 2002 224 2040 λ,
250 2000 328 2040 189,
356 2000 401 2034 90
422 2005 488 2033 etc.

131 2067 189 2125 65.
237 2065 440 2103 ἐνένιπε.
488 2069 540 2103 sic
560 2070 600 2104 A.
610 2071 645 2105 Ξ.
670 2070 773 2125 vulgo
797 2069 899 2105 libri:

86 2112 259 2149 ε’νένιπτε.
308 2125 341 2148 v.
373 2116 441 2170 90,
474 2114 525 2158 π’,
550 2115 632 2158 417,
665 2115 708 2157 σ’,
740 2118 821 2152 321.
854 2134 899 2142 —

85 2159 320 2204 δεύτερον
351 2174 504 2202 αντις.
552 2162 770 2207 pleonasmus
804 2162 898 2197 Atti-

85 2217 155 2242 cus,
202 2208 249 2243 cf.
274 2220 318 2253 y,
344 2209 430 2251 161,
455 2207 498 2250 λ’,
524 2210 591 2244 148
615 2214 683 2244 etc.

131 2276 281 2332 66-69.
330 2273 687 2332 οἶνιήσειςήμᾶς.
735 2276 783 2324 β’,
798 2278 899 2315 115.=

85 2321 121 2357 εἰ
142 2310 180 2357 ἃ
204 2321 258 2357 ἔτ’
283 2320 429 2367 ἀνιήσει
452 2337 490 2368 γε
513 2324 630 2359 πολύν
652 2322 790 2368 χρόνον
813 2324 899 2366 υἷας

83 2364 247 2424 Ἀχαιῶν.
292 2369 460 2427 frequens
479 2371 610 2416 ellipsis
642 2371 827 2415 ejusmodi:
861 2383 896 2408 v.

85 2413 125 2453 λ’,
151 2416 217 2470 143
247 2418 314 2450 etc.
371 2415 558 2460 ἀνιήσεις,
593 2422 736 2451 notante
762 2418 802 2451 E.
814 2443 825 2459 ‚
859 2422 898 2451 ut

85 2457 458 2563 ἷὶἷξέἑνιῗὲἠρᾍ’ω.
460 2462 897 2546 ,ἰςρῖοέιῗὲζῖοςνψέἴ

720 2525 748 2545 ω
881 2530 898 2536 -

87 2551 298 2597 νούμενος,
352 2552 687 2600 ἀναστρεφόμενος.
768 2555 896 2600 (αλλ’

88 2598 281 2654 ἔξελθε)
340 2601 402 2636 ι’να
433 2604 575 2648 nahum,
617 2602 695 2638 ἐπει
731 2602 897 2646 μεθτᾞεις

86 2647 134 2680 cf.
166 2645 204 2679 ll.
240 2643 292 2687 ω’,
335 2650 391 2683 12.
454 2649 578 2694 Eurip-
629 2650 757 2684 Phoen.
794 2652 894 2686 737.-

87 2689 176 2727 0236'
209 2689 284 2728 νπό
319 2663 565 2738 θυρσομανεῖρ
591 2697 771 2751 νεβρίδων
803 2697 896 2741 μέτα

85 2737 256 2778 δινεύεις.
287 2757 331 2764 --
367 2741 448 2774 dedi
480 2740 695 2784 ὀπιπεύσεις
726 2755 788 2788 pro
825 2744 897 2777 vul-

84 2789 168 2829 gato
193 2783 434 2825 ὀπιπτενσεις.
480 2790 521 2823 Α.
544 2790 598 2824 2:
624 2787 833 2831 ο’πιπενεις,
857 2794 896 2824 ut

82 2831 180 2876 Lips.
208 2832 318 2865 codex
341 2832 382 2866 Il.
407 2830 452 2875 6,
488 2836 569 2876 371,
602 2836 660 2870 ubi
684 2848 717 2871 v.
745 2848 822 2870 ann.
848 2855 895 2861 —-

81 2878 243 2933 τάλαν,
277 2879 391 2921 miser,
425 2880 583 2925 pessime.
607 2901 653 2907 —
684 2882 761 2917 καὶ
797 2884 895 2917 δαι-

80 2922 131 2959 vo*
145 2937 164 2964 ς
187 2920 362 2969 ὄνησο,
385 2931 420 2960 et
441 2928 562 2971 gaude
586 2927 762 2968 convivio,
795 2929 893 2973 cujus

79 2969 256 3016 particeps
287 2970 407 3014 suisti;
439 2984 480 3007 eo
513 2977 694 3028 contentus
727 2980 814 3010 esto.
848 2994 892 3000 -—

949 1345 1093 1383 εἶσθα
1117 1346 1181 1383 θύ
1191 1350 1310 1393 ρ.αζε
1350 1353 1470 1397 specta
1490 1348 1670 1385 infantiam
1689 1361 1763 1384 mu-

947 1394 1045 1428 lieris
1068 1394 1272 1430 illiberalis!

994 1442 1092 1475 71-
1102 1442 1161 1476 74.
1218 1441 1429 1488 ἐπέχεις,
1462 1443 1594 1485 instas,
1624 1443 1762 1478 invehe-

947 1485 995 1520 ris
1020 1486 1053 1520 in
1079 1499 1143 1522 me.
1193 1488 1258 1522 alio
1293 1501 1417 1529 sensu,
1454 1490 1663 1524 abstinendi
1685 1490 1760 1525 scil

946 1533 1022 1567 sive
1046 1535 1224 1577 cessandi,
1250 1535 1340 1570 dixit
1364 1534 1419 1581 φ’,
1453 1537 1552 1571 186.
1581 1533 1763 1576 Ἀντίνοος

947 1578 987 1614 6'
1024 1578 1080 1614 ἔτ’
1117 1579 1255 1626 ἕπεῖχεε
1300 1593 1490 1626 rursusque
1527 1582 1594 1616 alio
1628 1583 1670 1616 11.
1706 1582 1761 1627 ψ’,

947 1628 1046 1662 19o.=
1072 1624 1184 1663 ο’σσον
1210 1627 1328 1673 ἐπεῖχε
1352 1629 1471 1669 νέκυς,
1494 1635 1686 1688 quantum
1688 1634 1761 1663 ter-

946 1684 1008 1706 rae
1033 1675 1225 1718 occupabat
1248 1677 1410 1711 ca.‹1aver
1459 1675 1509 1708 Ε·
1534 1674 1578 1711 τὸ
1603 1675 1644 1711 δὲ
1668 1673 1761 1712 έπέ-

945 1731 1048 1762 χεις
1070 1721 1204 1764 (μοι)
1227 1720 1310 1757 ἀντὶ
1334 1723 1405 1757 τοῦ
1427 1720 1512 1756 κατ’
1532 1721 1636 1777 ἐμοῦ
1657 1721 1761 1767 ε’χεις.

945 1765 1187 1811 ἐναντιότητα
1224 1768 1296 1825 γάρ
1319 1781 1409 1804 ποτε
1433 1768 1495 1803 καὶ
1520 1765 1542 1812 ἡ
1571 1768 1645 1804 ἐπὶ
1669 1769 1762 1814 πρό-

945 1813 1051 1852 θεσις
1093 1815 1223 1858 δηλοῖ,
1269 1828 1321 1856 ως
1362 1816 1423 1850 καὶ
1464 1814 1504 1850 ἐν
1539 1829 1589 1861 τῳ
1617 1813 1760 1852 Επτα

944 1857 1025 1894 ἐπι
1048 1859 1277 1918 Θήβας,”
1254 1875 1370 1907 ηγονν
1391 1861 1487 1897 noeto}
1515 1852 1668 1908 Θήβῶν,
1697 1864 1762 1899 καὶ

948 1903 987 1939 ἐν
1011 1906 1063 1951 τῷ
1086 1905 1386 1951 ἐπιχαίρειν,
1407 1908 1526 1953 ἤγουν
1543 1922 1640 1944 κατα
1659 1922 1762 1952 τινος

946 1952 1103 2004 χαίρειν
1112 1952 1334 1998 ἐχθρωδως,
1358 1957 1421 1990 καὶ
1440 1955 1479 1990 ἐν
1497 1956 1549 2001 τῷ
1567 1955 1760 2014 ἐπιβόη·

946 2010 1050 2054 τος,
1086 1996 1105 2034 ὁ
1131 2001 1334 2056 μοχθηραν
1358 2001 1450 2046 ἔχων
1476 2002 1628 2060 φήμην,
1662 2001 1758 2039 καθ’

947 2056 993 2079 ου
1019 2046 1164 2104 δηλαδή
1190 2049 1276 2093 βοαὶ
1301 2050 1510 2106 γίνοιτνται,
1524 2047 1568 2085 ὃν
1591 2047 1760 2107 §nifica-

945 2103 1028 2126 τον
1059 2091 1257 2135 Ἀνακρέων
1287 2097 1429 2153 φη’·σιν
1464 2109 1510 2131 ου
1542 2096 1707 2140 ετεροῖος
1738 2094 1758 2134 ὁ

945 2139 1237 2185 διαβόητος,
1268 2154 1318 2182 ως
1351 2140 1415 2177 ἐπ’
1439 2139 1555 2189 ἀρετῇ
1578 2142 1760 2202 ἐγνωσμέ-

945 2196 1033 2241 νος,
1057 2205 1103 2212 -
1135 2187 1197 2222 καὶ
1219 2186 1258 2223 ἐν
1283 2189 1336 2223 τῶ
1359 2180 1629 2233 ἐπάρατος,
1660 2188 1757 2226 καθ’

945 2226 992 2266 οὗ
1018 2232 1107 2276 αραι
1130 2236 1311 2278 γίνονται.
1342 2257 1387 2262 -—
1423 2237 1533 2281 δηλοῖ
1553 2240 1594 2271 δέ
1617 2250 1710 2274 ποτε
1734 2236 1757 2282 ἠ

944 2279 1038 2321 λέξις
1063 2292 1125 2314 και
1149 2280 1191 2316 τὸ
1216 2280 1418 2326 προσέχειν.
1466 2283 1529 2318 καὶ
1562 2281 1680 2326 ἄλλως
1715 2285 1757 2320 δὲ

942 2328 1249 2382 καταστοχασμὸν
1288 2331 1479 2373 σημαίνει,
1518 2327 1658 2372 ὁμοίως
1706 2333 1758 2377 τῷ

944 2369 1084 2416 ἔπεχε
1110 2375 1266 2422 σκοπῷ
1290 2376 1444 2418 τόξον.
1487 2373 1693 2437 Ἡρόδοτος
1716 2378 1756 2415 ὁε

944 2418 1212 2476 διαλελυμένως
1255 2426 1395 2479 φησίν·
1460 2421 1541 2458 ἐπὶ
1585 2427 1756 2468 σφίσιν

946 2464 1147 2509 ἔχοντας
1179 2480 1292 2508 τους
1323 2467 1662 2523 Αἰγινήτας,ν
1641 2469 1756 2516 ἤγουν

944 2509 1152 2557 ἐπέχοντας.
1177 2534 1224 2539 -
1261 2515 1296 2550 οἱ
1320 2514 1360 2550 δὲ
1385 2513 1574 2559 λεγόμενοι
1597 2520 1754 2554 Σκεπτι-

943 2559 1004 2593 κοὶ
1028 2559 1247 2617 φιλόσοφοι,
1257 2559 1448 2606 ἐπέχειν
1473 2564 1565 2606 φασὶ
1588 2563 1631 2598 τὸ
1660 2564 1755 2601 ὑπο-

941 2610 1090 2648 κρατεῖν
1114 2607 1203 2651 (imo
1223 2605 1354 2651 α’ποκρ.
1366 2634 1377 2650 ,
1401 2609 1567 2663 retinere)
1587 2611 1657 2655 τὴν
1674 2614 1753 2648 δια-

942 2652 1110 2697 λεκτικὴν
1135 2652 1418 2709 ᾇπόφανσιν,-
1444 2651 1539 2690 ὅθεν
1563 2659 1626 2693 καὶ
1644 2656 1754 2704 ’-Εφε

941 2700 1059 2734 κτικοὶ
1093 2699 1265 2757 ἐλέγοντο
1294 2708 1360 2735 etc.
1395 2721 1441 2726 —-
1479 2714 1568 2738 κεκ.
1580 2707 1753 2760 θυμῷ.

945 2743 980 2786 ι’,
1001 2747 1067 2781 501
1093 2752 1159 2780 etc.
1170 2767 1215 2772 —
1240 2741 1265 2792 ἦ
1289 2746 1362 2782 ὅτι
1383 2745 1442 2792 δή
1466 2747 1648 2820 ρυφπόω,
1671 2765 1754 2787 num

939 2797 1124 2836 propterea
1147 2794 1230 2837 quia
1252 2806 1342 2828 nunc
1363 2795 1531 2842 squaleo?
1576 2798 1628 2832 sic
1651 2800 1694 2834 A.
1705 2801 1754 2841 4

942 2838 1000 2880 W,
1035 2838 1075 2874 B.
1119 2841 1160 2873 Α.
1186 2841 1220 2874 2.
1249 2844 1284 2874 et
1306 2842 1362 2875 3.·
1450 2839 1484 2877 o'.
1526 2841 1574 2878 ου’
1608 2843 1752 2888 ῥυπόω,

941 2884 1032 2936 quod
1065 2884 1219 2929 ineptum
1264 2891 1328 2922 est.
1387 2886 1463 2921 Ald.
1496 2888 1529 2923 3.
1572 2891 1750 2926 mendoset

939 2929 966 2974 ἢ
991 2927 1050 2964 ὅτι
1073 2944 1109 2965 τι
1132 2929 1296 2990 ρυοπόω.
1352 2933 1441 2968 aliae
1472 2936 1639 2979 quaedam
1670 2938 1750 2973 edd.

938 2978 1031 3023 apud
1064 2977 1188 3012 Barna
1222 2974 1249 3024 ἦ
1274 2976 1308 3014 δ’.
1347 2992 1406 3015 τοι
1439 2978 1579 3025 ρυπόω
1626 2984 1748 3028 vulgo.
