<?xml version="1.0" encoding="UTF-8"?>
<!DOCTYPE html PUBLIC "-//W3C//DTD XHTML 1.0 Transitional//EN"
    "http://www.w3.org/TR/xhtml1/DTD/xhtml1-transitional.dtd">
<html xmlns="http://www.w3.org/1999/xhtml" xml:lang="en" lang="en">
 <head>
  <title>
</title>
<meta http-equiv="Content-Type" content="text/html;charset=utf-8" />
  <meta name='ocr-system' content='tesseract 3.04.00' />
  <meta name='ocr-capabilities' content='ocr_page ocr_carea ocr_par ocr_line ocrx_word'/>
</head>
<body>
  <div class='ocr_page' id='page_1' title='image "./carmina05home/carmina05home_0297.png"; bbox 0 0 1821 3288; ppageno 0'>
   <div class='ocr_carea' id='block_1_1' title="bbox 803 895 849 932">
    <p class='ocr_par' dir='ltr' id='par_1_1' title="bbox 803 895 849 932">
     <span class='ocr_line' id='line_1_1' title="bbox 803 895 849 932; baseline 0 0"><span class='ocrx_word' id='word_1_1' title='bbox 803 895 849 932; x_wconf 90' lang='grc' dir='ltr'>Γ.</span> 
     </span>
    </p>
   </div>
   <div class='ocr_carea' id='block_1_2' title="bbox 336 1023 1320 1084">
    <p class='ocr_par' dir='ltr' id='par_1_2' title="bbox 336 1023 1320 1084">
     <span class='ocr_line' id='line_1_2' title="bbox 336 1023 1320 1084; baseline 0.003 -3"><span class='ocrx_word' id='word_1_2' title='bbox 336 1023 631 1082; x_wconf 89' lang='grc' dir='ltr'>ΕΙΣ</span> <span class='ocrx_word' id='word_1_3' title='bbox 724 1023 1320 1084; x_wconf 84' lang='grc' dir='ltr'><strong><em>ΕΡΜΗΝ.</em></strong></span> 
     </span>
    </p>
   </div>
   <div class='ocr_carea' id='block_1_3' title="bbox 531 1326 1113 1364">
    <p class='ocr_par' dir='ltr' id='par_1_3' title="bbox 531 1326 1113 1364">
     <span class='ocr_line' id='line_1_3' title="bbox 531 1326 1113 1364; baseline -0.003 0"><span class='ocrx_word' id='word_1_4' title='bbox 531 1326 1113 1364; x_wconf 79' lang='lat' dir='ltr'><strong>ARGUMENTUM.</strong></span> 
     </span>
    </p>
   </div>
   <div class='ocr_carea' id='block_1_4' title="bbox 128 1427 1658 2390">
    <p class='ocr_par' dir='ltr' id='par_1_4' title="bbox 128 1427 1658 2390">
     <span class='ocr_line' id='line_1_4' title="bbox 222 1427 1656 1473; baseline 0.003 -11"><span class='ocrx_word' id='word_1_5' title='bbox 222 1427 350 1472; x_wconf 66' lang='lat' dir='ltr'>Poem,</span> <span class='ocrx_word' id='word_1_6' title='bbox 373 1427 470 1462; x_wconf 86' lang='lat' dir='ltr'>initio</span> <span class='ocrx_word' id='word_1_7' title='bbox 493 1428 599 1470; x_wconf 84' lang='lat' dir='ltr'>facto,</span> <span class='ocrx_word' id='word_1_8' title='bbox 623 1432 662 1463; x_wconf 78' lang='lat' dir='ltr'>ut</span> <span class='ocrx_word' id='word_1_9' title='bbox 683 1429 795 1463; x_wconf 83' lang='lat' dir='ltr'><strong>solent</strong></span> <span class='ocrx_word' id='word_1_10' title='bbox 817 1428 1087 1473; x_wconf 86' lang='lat' dir='ltr'>hymnographi,</span> <span class='ocrx_word' id='word_1_11' title='bbox 1110 1439 1131 1463; x_wconf 86' lang='lat' dir='ltr'>a</span> <span class='ocrx_word' id='word_1_12' title='bbox 1149 1428 1367 1473; x_wconf 82' lang='lat' dir='ltr'><strong>generalibus</strong></span> <span class='ocrx_word' id='word_1_13' title='bbox 1384 1428 1441 1464; x_wconf 84' lang='lat' dir='ltr'>dei</span> <span class='ocrx_word' id='word_1_14' title='bbox 1457 1430 1656 1466; x_wconf 82' lang='lat' dir='ltr'>celebrandi</span> 
     </span>
     <span class='ocr_line' id='line_1_5' title="bbox 137 1473 1657 1522; baseline 0.002 -13"><span class='ocrx_word' id='word_1_15' title='bbox 137 1473 313 1515; x_wconf 85' lang='lat' dir='ltr'>laudibus,</span> <span class='ocrx_word' id='word_1_16' title='bbox 340 1480 517 1519; x_wconf 87' lang='lat' dir='ltr'>postquam</span> <span class='ocrx_word' id='word_1_17' title='bbox 543 1475 675 1519; x_wconf 80' lang='lat' dir='ltr'>Majae,</span> <span class='ocrx_word' id='word_1_18' title='bbox 709 1475 827 1508; x_wconf 83' lang='lat' dir='ltr'>matris</span> <span class='ocrx_word' id='word_1_19' title='bbox 852 1476 941 1520; x_wconf 85' lang='lat' dir='ltr'>ejus,</span> <span class='ocrx_word' id='word_1_20' title='bbox 967 1485 1099 1508; x_wconf 87' lang='lat' dir='ltr'>amores</span> <span class='ocrx_word' id='word_1_21' title='bbox 1124 1475 1241 1520; x_wconf 85' lang='lat' dir='ltr'>paucis</span> <span class='ocrx_word' id='word_1_22' title='bbox 1266 1476 1402 1521; x_wconf 80' lang='lat' dir='ltr'>attigit,</span> <span class='ocrx_word' id='word_1_23' title='bbox 1434 1478 1657 1522; x_wconf 78' lang='lat' dir='ltr'><strong>progreditur</strong></span> 
     </span>
     <span class='ocr_line' id='line_1_6' title="bbox 135 1520 1655 1569; baseline 0.002 -14"><span class='ocrx_word' id='word_1_24' title='bbox 135 1522 181 1555; x_wconf 83' lang='lat' dir='ltr'>ad</span> <span class='ocrx_word' id='word_1_25' title='bbox 205 1520 426 1554; x_wconf 86' lang='lat' dir='ltr'>enarrandum</span> <span class='ocrx_word' id='word_1_26' title='bbox 459 1525 592 1562; x_wconf 85' lang='lat' dir='ltr'>natum,</span> <span class='ocrx_word' id='word_1_27' title='bbox 623 1520 806 1565; x_wconf 79' lang='lat' dir='ltr'>statimque</span> <span class='ocrx_word' id='word_1_28' title='bbox 829 1532 850 1554; x_wconf 88' lang='lat' dir='ltr'>a</span> <span class='ocrx_word' id='word_1_29' title='bbox 877 1525 980 1562; x_wconf 87' lang='lat' dir='ltr'>natu,</span> <span class='ocrx_word' id='word_1_30' title='bbox 1005 1521 1050 1554; x_wconf 89' lang='lat' dir='ltr'>ad</span> <span class='ocrx_word' id='word_1_31' title='bbox 1077 1521 1336 1566; x_wconf 88' lang='lat' dir='ltr'>adipiscendum</span> <span class='ocrx_word' id='word_1_32' title='bbox 1361 1524 1524 1557; x_wconf 89' lang='lat' dir='ltr'>honorem</span> <span class='ocrx_word' id='word_1_33' title='bbox 1560 1524 1655 1569; x_wconf 85' lang='lat' dir='ltr'>apud</span> 
     </span>
     <span class='ocr_line' id='line_1_7' title="bbox 135 1566 1657 1613; baseline 0.002 -13"><span class='ocrx_word' id='word_1_34' title='bbox 135 1567 308 1607; x_wconf 84' lang='lat' dir='ltr'>homines,</span> <span class='ocrx_word' id='word_1_35' title='bbox 335 1566 457 1600; x_wconf 85' lang='lat' dir='ltr'>callide</span> <span class='ocrx_word' id='word_1_36' title='bbox 479 1573 584 1611; x_wconf 82' lang='lat' dir='ltr'>atque</span> <span class='ocrx_word' id='word_1_37' title='bbox 607 1572 720 1600; x_wconf 82' lang='lat' dir='ltr'>astute</span> <span class='ocrx_word' id='word_1_38' title='bbox 744 1569 856 1607; x_wconf 83' lang='lat' dir='ltr'>facta,</span> <span class='ocrx_word' id='word_1_39' title='bbox 881 1566 1067 1600; x_wconf 82' lang='lat' dir='ltr'>Mercurii:</span> <span class='ocrx_word' id='word_1_40' title='bbox 1099 1567 1254 1612; x_wconf 84' lang='lat' dir='ltr'><strong>inprimis</strong></span> <span class='ocrx_word' id='word_1_41' title='bbox 1274 1569 1402 1602; x_wconf 86' lang='lat' dir='ltr'>furtum</span> <span class='ocrx_word' id='word_1_42' title='bbox 1426 1569 1525 1603; x_wconf 90' lang='lat' dir='ltr'>boum</span> <span class='ocrx_word' id='word_1_43' title='bbox 1549 1571 1657 1613; x_wconf 89' lang='lat' dir='ltr'>Apol-</span> 
     </span>
     <span class='ocr_line' id='line_1_8' title="bbox 137 1612 1658 1660; baseline 0.003 -14"><span class='ocrx_word' id='word_1_44' title='bbox 137 1612 217 1646; x_wconf 84' lang='lat' dir='ltr'>linis</span> <span class='ocrx_word' id='word_1_45' title='bbox 240 1612 276 1645; x_wconf 88' lang='lat' dir='ltr'>in</span> <span class='ocrx_word' id='word_1_46' title='bbox 298 1612 433 1653; x_wconf 84' lang='lat' dir='ltr'>Pieria,</span> <span class='ocrx_word' id='word_1_47' title='bbox 459 1620 495 1647; x_wconf 83' lang='lat' dir='ltr'>et</span> <span class='ocrx_word' id='word_1_48' title='bbox 516 1613 744 1647; x_wconf 76' lang='lat' dir='ltr'>inventionem</span> <span class='ocrx_word' id='word_1_49' title='bbox 766 1613 879 1656; x_wconf 83' lang='lat' dir='ltr'>lyrae,</span> <span class='ocrx_word' id='word_1_50' title='bbox 915 1613 1018 1656; x_wconf 86' lang='lat' dir='ltr'>cujus·</span> <span class='ocrx_word' id='word_1_51' title='bbox 1036 1619 1138 1646; x_wconf 85' lang='lat' dir='ltr'>cantu</span> <span class='ocrx_word' id='word_1_52' title='bbox 1163 1625 1242 1658; x_wconf 85' lang='lat' dir='ltr'>spes</span> <span class='ocrx_word' id='word_1_53' title='bbox 1274 1619 1350 1648; x_wconf 83' lang='lat' dir='ltr'>erat</span> <span class='ocrx_word' id='word_1_54' title='bbox 1379 1614 1464 1649; x_wconf 88' lang='lat' dir='ltr'>iram</span> <span class='ocrx_word' id='word_1_55' title='bbox 1490 1616 1658 1660; x_wconf 75' lang='lat' dir='ltr'>Apollinis</span> 
     </span>
     <span class='ocr_line' id='line_1_9' title="bbox 133 1658 1657 1704; baseline 0.002 -11"><span class='ocrx_word' id='word_1_56' title='bbox 133 1659 277 1693; x_wconf 82' lang='lat' dir='ltr'>lenitum</span> <span class='ocrx_word' id='word_1_57' title='bbox 302 1659 357 1691; x_wconf 91' lang='lat' dir='ltr'>iri.</span> <span class='ocrx_word' id='word_1_58' title='bbox 389 1660 612 1702; x_wconf 63' lang='grc' dir='ltr'>(ΕΞ-181.)</span> <span class='ocrx_word' id='word_1_59' title='bbox 638 1658 698 1702; x_wconf 90' lang='lat' dir='ltr'>qui</span> <span class='ocrx_word' id='word_1_60' title='bbox 723 1658 882 1704; x_wconf 88' lang='lat' dir='ltr'>quidem,</span> <span class='ocrx_word' id='word_1_61' title='bbox 907 1659 1037 1692; x_wconf 81' lang='lat' dir='ltr'>frustra</span> <span class='ocrx_word' id='word_1_62' title='bbox 1069 1659 1235 1703; x_wconf 79' lang='lat' dir='ltr'>quaesitis</span> <span class='ocrx_word' id='word_1_63' title='bbox 1267 1661 1396 1702; x_wconf 87' lang='lat' dir='ltr'>bobus,</span> <span class='ocrx_word' id='word_1_64' title='bbox 1430 1662 1558 1694; x_wconf 85' lang='lat' dir='ltr'>furtum</span> <span class='ocrx_word' id='word_1_65' title='bbox 1591 1674 1657 1696; x_wconf 83' lang='lat' dir='ltr'>ne-</span> 
     </span>
     <span class='ocr_line' id='line_1_10' title="bbox 136 1703 1656 1749; baseline 0.003 -12"><span class='ocrx_word' id='word_1_66' title='bbox 136 1706 250 1749; x_wconf 83' lang='lat' dir='ltr'>gantis</span> <span class='ocrx_word' id='word_1_67' title='bbox 274 1703 370 1748; x_wconf 89' lang='lat' dir='ltr'>pueri</span> <span class='ocrx_word' id='word_1_68' title='bbox 394 1704 507 1737; x_wconf 85' lang='lat' dir='ltr'>verbis</span> <span class='ocrx_word' id='word_1_69' title='bbox 542 1705 674 1738; x_wconf 87' lang='lat' dir='ltr'>callidis</span> <span class='ocrx_word' id='word_1_70' title='bbox 710 1715 921 1749; x_wconf 83' lang='lat' dir='ltr'>nequaquam</span> <span class='ocrx_word' id='word_1_71' title='bbox 956 1704 1079 1746; x_wconf 79' lang='lat' dir='ltr'>falsus,</span> <span class='ocrx_word' id='word_1_72' title='bbox 1113 1712 1288 1749; x_wconf 83' lang='lat' dir='ltr'>arreptum</span> <span class='ocrx_word' id='word_1_73' title='bbox 1321 1718 1341 1739; x_wconf 85' lang='lat' dir='ltr'>e</span> <span class='ocrx_word' id='word_1_74' title='bbox 1372 1707 1469 1740; x_wconf 84' lang='lat' dir='ltr'>cunis</span> <span class='ocrx_word' id='word_1_75' title='bbox 1502 1708 1656 1749; x_wconf 80' lang='lat' dir='ltr'>abstulit,</span> 
     </span>
     <span class='ocr_line' id='line_1_11' title="bbox 136 1749 1657 1799; baseline 0.002 -15"><span class='ocrx_word' id='word_1_76' title='bbox 136 1761 216 1784; x_wconf 85' lang='lat' dir='ltr'>mox</span> <span class='ocrx_word' id='word_1_77' title='bbox 240 1756 374 1792; x_wconf 82' lang='lat' dir='ltr'>autem,</span> <span class='ocrx_word' id='word_1_78' title='bbox 398 1749 626 1784; x_wconf 76' lang='lat' dir='ltr'>inhonestiore</span> <span class='ocrx_word' id='word_1_79' title='bbox 650 1751 723 1794; x_wconf 84' lang='lat' dir='ltr'>ejus</span> <span class='ocrx_word' id='word_1_80' title='bbox 748 1750 895 1784; x_wconf 80' lang='lat' dir='ltr'>artificio</span> <span class='ocrx_word' id='word_1_81' title='bbox 920 1750 1075 1791; x_wconf 90' lang='lat' dir='ltr'>delusus,</span> <span class='ocrx_word' id='word_1_82' title='bbox 1107 1751 1240 1784; x_wconf 88' lang='lat' dir='ltr'>humum</span> <span class='ocrx_word' id='word_1_83' title='bbox 1265 1753 1432 1796; x_wconf 80' lang='lat' dir='ltr'>projecit,</span> <span class='ocrx_word' id='word_1_84' title='bbox 1458 1758 1494 1786; x_wconf 86' lang='lat' dir='ltr'>et</span> <span class='ocrx_word' id='word_1_85' title='bbox 1518 1755 1657 1799; x_wconf 81' lang='lat' dir='ltr'>praeire</span> 
     </span>
     <span class='ocr_line' id='line_1_12' title="bbox 132 1796 1657 1844; baseline 0.003 -15"><span class='ocrx_word' id='word_1_86' title='bbox 132 1796 248 1841; x_wconf 83' lang='lat' dir='ltr'>jussit.</span> <span class='ocrx_word' id='word_1_87' title='bbox 294 1796 412 1839; x_wconf 81' lang='lat' dir='ltr'>itaque</span> <span class='ocrx_word' id='word_1_88' title='bbox 436 1796 554 1830; x_wconf 84' lang='lat' dir='ltr'>Jovem</span> <span class='ocrx_word' id='word_1_89' title='bbox 578 1797 727 1838; x_wconf 88' lang='lat' dir='ltr'>adeunt,</span> <span class='ocrx_word' id='word_1_90' title='bbox 751 1797 845 1839; x_wconf 87' lang='lat' dir='ltr'>cujus</span> <span class='ocrx_word' id='word_1_91' title='bbox 865 1797 961 1839; x_wconf 83' lang='lat' dir='ltr'>jussu</span> <span class='ocrx_word' id='word_1_92' title='bbox 987 1796 1180 1830; x_wconf 87' lang='lat' dir='ltr'>Mercurius</span> <span class='ocrx_word' id='word_1_93' title='bbox 1204 1798 1353 1842; x_wconf 89' lang='lat' dir='ltr'>Apollini</span> <span class='ocrx_word' id='word_1_94' title='bbox 1378 1798 1495 1832; x_wconf 86' lang='lat' dir='ltr'>reddit</span> <span class='ocrx_word' id='word_1_95' title='bbox 1519 1799 1657 1844; x_wconf 87' lang='lat' dir='ltr'>quidem</span> 
     </span>
     <span class='ocr_line' id='line_1_13' title="bbox 138 1841 1656 1886; baseline 0.002 -11"><span class='ocrx_word' id='word_1_96' title='bbox 138 1844 265 1882; x_wconf 88' lang='lat' dir='ltr'>boves,</span> <span class='ocrx_word' id='word_1_97' title='bbox 298 1841 359 1874; x_wconf 80' lang='lat' dir='ltr'>sed</span> <span class='ocrx_word' id='word_1_98' title='bbox 385 1842 607 1875; x_wconf 85' lang='lat' dir='ltr'>abducentem</span> <span class='ocrx_word' id='word_1_99' title='bbox 632 1853 691 1876; x_wconf 83' lang='lat' dir='ltr'>eas</span> <span class='ocrx_word' id='word_1_100' title='bbox 715 1853 804 1876; x_wconf 88' lang='lat' dir='ltr'>nova</span> <span class='ocrx_word' id='word_1_101' title='bbox 827 1842 948 1875; x_wconf 72' lang='lat' dir='ltr'>fraude</span> <span class='ocrx_word' id='word_1_102' title='bbox 983 1843 1210 1886; x_wconf 84' lang='lat' dir='ltr'>aggreditur,</span> <span class='ocrx_word' id='word_1_103' title='bbox 1244 1843 1381 1877; x_wconf 83' lang='lat' dir='ltr'>vincula</span> <span class='ocrx_word' id='word_1_104' title='bbox 1414 1845 1561 1879; x_wconf 84' lang='lat' dir='ltr'>viminea</span> <span class='ocrx_word' id='word_1_105' title='bbox 1589 1846 1656 1879; x_wconf 90' lang='lat' dir='ltr'>sub</span> 
     </span>
     <span class='ocr_line' id='line_1_14' title="bbox 138 1887 1656 1936; baseline 0.004 -16"><span class='ocrx_word' id='word_1_106' title='bbox 138 1887 287 1932; x_wconf 85' lang='lat' dir='ltr'>pedibus</span> <span class='ocrx_word' id='word_1_107' title='bbox 311 1888 412 1921; x_wconf 86' lang='lat' dir='ltr'>boum</span> <span class='ocrx_word' id='word_1_108' title='bbox 435 1887 630 1931; x_wconf 81' lang='lat' dir='ltr'>germinare</span> <span class='ocrx_word' id='word_1_109' title='bbox 654 1894 690 1921; x_wconf 87' lang='lat' dir='ltr'>et</span> <span class='ocrx_word' id='word_1_110' title='bbox 712 1887 848 1921; x_wconf 88' lang='lat' dir='ltr'>radices</span> <span class='ocrx_word' id='word_1_111' title='bbox 871 1899 975 1931; x_wconf 84' lang='lat' dir='ltr'>agere</span> <span class='ocrx_word' id='word_1_112' title='bbox 998 1887 1140 1933; x_wconf 79' lang='lat' dir='ltr'>faciens.</span> <span class='ocrx_word' id='word_1_113' title='bbox 1190 1900 1258 1933; x_wconf 79' lang='lat' dir='ltr'>qua</span> <span class='ocrx_word' id='word_1_114' title='bbox 1281 1900 1320 1924; x_wconf 90' lang='lat' dir='ltr'>re</span> <span class='ocrx_word' id='word_1_115' title='bbox 1343 1890 1525 1924; x_wconf 76' lang='lat' dir='ltr'>attonitum</span> <span class='ocrx_word' id='word_1_116' title='bbox 1548 1896 1656 1936; x_wconf 81' lang='lat' dir='ltr'>atque</span> 
     </span>
     <span class='ocr_line' id='line_1_15' title="bbox 138 1933 1656 1982; baseline 0.003 -15"><span class='ocrx_word' id='word_1_117' title='bbox 138 1933 354 1977; x_wconf 84' lang='lat' dir='ltr'>indignatum</span> <span class='ocrx_word' id='word_1_118' title='bbox 389 1934 575 1978; x_wconf 82' lang='lat' dir='ltr'>Apollinem</span> <span class='ocrx_word' id='word_1_119' title='bbox 612 1934 709 1978; x_wconf 83' lang='lat' dir='ltr'>lyrae</span> <span class='ocrx_word' id='word_1_120' title='bbox 743 1939 845 1967; x_wconf 85' lang='lat' dir='ltr'>cantu</span> <span class='ocrx_word' id='word_1_121' title='bbox 880 1934 1070 1975; x_wconf 81' lang='lat' dir='ltr'>demulcet,</span> <span class='ocrx_word' id='word_1_122' title='bbox 1106 1946 1206 1978; x_wconf 89' lang='lat' dir='ltr'>quam</span> <span class='ocrx_word' id='word_1_123' title='bbox 1229 1935 1287 1968; x_wconf 88' lang='lat' dir='ltr'>ille</span> <span class='ocrx_word' id='word_1_124' title='bbox 1311 1936 1489 1980; x_wconf 84' lang='lat' dir='ltr'>possidere</span> <span class='ocrx_word' id='word_1_125' title='bbox 1513 1938 1656 1982; x_wconf 84' lang='lat' dir='ltr'>cupiens</span> 
     </span>
     <span class='ocr_line' id='line_1_16' title="bbox 136 1979 1657 2026; baseline 0.002 -12"><span class='ocrx_word' id='word_1_126' title='bbox 136 1979 183 2014; x_wconf 84' lang='lat'>50</span> <span class='ocrx_word' id='word_1_127' title='bbox 208 1990 270 2023; x_wconf 89' lang='lat' dir='ltr'>pro</span> <span class='ocrx_word' id='word_1_128' title='bbox 296 1990 337 2012; x_wconf 86' lang='lat' dir='ltr'>ea</span> <span class='ocrx_word' id='word_1_129' title='bbox 361 1979 468 2012; x_wconf 86' lang='lat' dir='ltr'>boves</span> <span class='ocrx_word' id='word_1_130' title='bbox 504 1980 627 2021; x_wconf 81' lang='lat' dir='ltr'>offert,</span> <span class='ocrx_word' id='word_1_131' title='bbox 664 1980 762 2024; x_wconf 86' lang='lat' dir='ltr'>plura</span> <span class='ocrx_word' id='word_1_132' title='bbox 796 1985 831 2012; x_wconf 84' lang='lat' dir='ltr'>et</span> <span class='ocrx_word' id='word_1_133' title='bbox 854 1979 1035 2023; x_wconf 84' lang='lat' dir='ltr'>praeclara</span> <span class='ocrx_word' id='word_1_134' title='bbox 1058 1980 1147 2014; x_wconf 88' lang='lat' dir='ltr'>dona</span> <span class='ocrx_word' id='word_1_135' title='bbox 1171 1981 1340 2025; x_wconf 79' lang='lat' dir='ltr'>promittit</span> <span class='ocrx_word' id='word_1_136' title='bbox 1364 1982 1538 2017; x_wconf 84' lang='lat' dir='ltr'>Mercurio</span> <span class='ocrx_word' id='word_1_137' title='bbox 1573 1984 1657 2026; x_wconf 76' lang='lat'>(182</span> 
     </span>
     <span class='ocr_line' id='line_1_17' title="bbox 131 2024 1655 2070; baseline 0.003 -12"><span class='ocrx_word' id='word_1_138' title='bbox 131 2024 284 2066; x_wconf 74' lang='lat'>—452).</span> <span class='ocrx_word' id='word_1_139' title='bbox 333 2036 405 2058; x_wconf 87' lang='lat' dir='ltr'>eam</span> <span class='ocrx_word' id='word_1_140' title='bbox 429 2025 485 2059; x_wconf 91' lang='lat' dir='ltr'>hic</span> <span class='ocrx_word' id='word_1_141' title='bbox 509 2026 738 2059; x_wconf 87' lang='lat' dir='ltr'>conditionem</span> <span class='ocrx_word' id='word_1_142' title='bbox 762 2026 913 2069; x_wconf 79' lang='lat' dir='ltr'>accipit,</span> <span class='ocrx_word' id='word_1_143' title='bbox 938 2026 1034 2069; x_wconf 81' lang='lat' dir='ltr'>lyrae</span> <span class='ocrx_word' id='word_1_144' title='bbox 1057 2027 1206 2060; x_wconf 85' lang='lat' dir='ltr'>utendae</span> <span class='ocrx_word' id='word_1_145' title='bbox 1228 2027 1393 2061; x_wconf 86' lang='lat' dir='ltr'>rationem</span> <span class='ocrx_word' id='word_1_146' title='bbox 1416 2028 1537 2070; x_wconf 87' lang='lat' dir='ltr'>docet,</span> <span class='ocrx_word' id='word_1_147' title='bbox 1570 2040 1655 2063; x_wconf 89' lang='lat' dir='ltr'>con-</span> 
     </span>
     <span class='ocr_line' id='line_1_18' title="bbox 131 2070 1653 2116; baseline 0.003 -13"><span class='ocrx_word' id='word_1_148' title='bbox 131 2072 259 2114; x_wconf 80' lang='lat' dir='ltr'>traque</span> <span class='ocrx_word' id='word_1_149' title='bbox 277 2070 444 2115; x_wconf 87' lang='lat' dir='ltr'>Apollinis</span> <span class='ocrx_word' id='word_1_150' title='bbox 467 2077 574 2105; x_wconf 86' lang='lat' dir='ltr'>artem</span> <span class='ocrx_word' id='word_1_151' title='bbox 599 2071 796 2113; x_wconf 88' lang='lat' dir='ltr'>divinandi,</span> <span class='ocrx_word' id='word_1_152' title='bbox 819 2083 919 2116; x_wconf 85' lang='lat' dir='ltr'>quam</span> <span class='ocrx_word' id='word_1_153' title='bbox 943 2071 1018 2116; x_wconf 76' lang='lat' dir='ltr'>ipse</span> <span class='ocrx_word' id='word_1_154' title='bbox 1041 2071 1174 2106; x_wconf 87' lang='lat' dir='ltr'>discere</span> <span class='ocrx_word' id='word_1_155' title='bbox 1196 2073 1375 2115; x_wconf 82' lang='lat' dir='ltr'>studebat,</span> <span class='ocrx_word' id='word_1_156' title='bbox 1401 2074 1513 2108; x_wconf 83' lang='lat' dir='ltr'>multis</span> <span class='ocrx_word' id='word_1_157' title='bbox 1536 2075 1653 2108; x_wconf 82' lang='lat' dir='ltr'>verbis</span> 
     </span>
     <span class='ocr_line' id='line_1_19' title="bbox 131 2116 1650 2163; baseline 0.005 -14"><span class='ocrx_word' id='word_1_158' title='bbox 131 2116 324 2161; x_wconf 83' lang='lat' dir='ltr'>praedicat.</span> <span class='ocrx_word' id='word_1_159' title='bbox 362 2116 492 2160; x_wconf 83' lang='lat' dir='ltr'>igitur,</span> <span class='ocrx_word' id='word_1_160' title='bbox 538 2124 683 2161; x_wconf 80' lang='lat' dir='ltr'>accepta</span> <span class='ocrx_word' id='word_1_161' title='bbox 720 2118 818 2162; x_wconf 84' lang='lat' dir='ltr'>lyra,</span> <span class='ocrx_word' id='word_1_162' title='bbox 852 2119 951 2150; x_wconf 88' lang='lat' dir='ltr'>boum</span> <span class='ocrx_word' id='word_1_163' title='bbox 986 2129 1102 2152; x_wconf 84' lang='lat' dir='ltr'>curam</span> <span class='ocrx_word' id='word_1_164' title='bbox 1136 2119 1257 2163; x_wconf 88' lang='lat' dir='ltr'>Apollo</span> <span class='ocrx_word' id='word_1_165' title='bbox 1290 2119 1429 2154; x_wconf 74' lang='lat' dir='ltr'>mandat</span> <span class='ocrx_word' id='word_1_166' title='bbox 1463 2121 1650 2156; x_wconf 82' lang='lat' dir='ltr'>Mercurio.</span> 
     </span>
     <span class='ocr_line' id='line_1_20' title="bbox 132 2161 1651 2209; baseline 0.005 -15"><span class='ocrx_word' id='word_1_167' title='bbox 132 2162 256 2207; x_wconf 92' lang='lat' dir='ltr'>quibus</span> <span class='ocrx_word' id='word_1_168' title='bbox 296 2161 339 2195; x_wconf 90' lang='lat' dir='ltr'>ad</span> <span class='ocrx_word' id='word_1_169' title='bbox 375 2168 476 2207; x_wconf 85' lang='lat' dir='ltr'>prata</span> <span class='ocrx_word' id='word_1_170' title='bbox 510 2164 693 2208; x_wconf 80' lang='lat' dir='ltr'>compulsis</span> <span class='ocrx_word' id='word_1_171' title='bbox 726 2163 823 2196; x_wconf 85' lang='lat' dir='ltr'>ambo</span> <span class='ocrx_word' id='word_1_172' title='bbox 862 2162 895 2196; x_wconf 93' lang='lat' dir='ltr'>in</span> <span class='ocrx_word' id='word_1_173' title='bbox 929 2163 1111 2208; x_wconf 88' lang='lat' dir='ltr'>Olympum</span> <span class='ocrx_word' id='word_1_174' title='bbox 1153 2166 1320 2207; x_wconf 84' lang='lat' dir='ltr'>redeunt,</span> <span class='ocrx_word' id='word_1_175' title='bbox 1354 2166 1411 2199; x_wconf 86' lang='lat' dir='ltr'>ubi</span> <span class='ocrx_word' id='word_1_176' title='bbox 1445 2165 1651 2209; x_wconf 83' lang='lat' dir='ltr'>Mercurius,</span> 
     </span>
     <span class='ocr_line' id='line_1_21' title="bbox 131 2209 1655 2256; baseline 0.005 -17"><span class='ocrx_word' id='word_1_177' title='bbox 131 2214 314 2253; x_wconf 81' lang='lat' dir='ltr'>postquam</span> <span class='ocrx_word' id='word_1_178' title='bbox 335 2209 487 2252; x_wconf 83' lang='lat' dir='ltr'>juravit,</span> <span class='ocrx_word' id='word_1_179' title='bbox 520 2221 557 2244; x_wconf 80' lang='lat' dir='ltr'>se</span> <span class='ocrx_word' id='word_1_180' title='bbox 580 2221 692 2254; x_wconf 87' lang='lat' dir='ltr'>neque</span> <span class='ocrx_word' id='word_1_181' title='bbox 716 2210 824 2253; x_wconf 77' lang='lat' dir='ltr'>lyram</span> <span class='ocrx_word' id='word_1_182' title='bbox 847 2219 956 2254; x_wconf 89' lang='lat' dir='ltr'>neque</span> <span class='ocrx_word' id='word_1_183' title='bbox 981 2209 1074 2242; x_wconf 86' lang='lat' dir='ltr'>aliud</span> <span class='ocrx_word' id='word_1_184' title='bbox 1105 2209 1285 2256; x_wconf 81' lang='lat' dir='ltr'>quidquam</span> <span class='ocrx_word' id='word_1_185' title='bbox 1309 2211 1555 2246; x_wconf 76' lang='lat' dir='ltr'>suffuraturum</span> <span class='ocrx_word' id='word_1_186' title='bbox 1578 2223 1655 2247; x_wconf 83' lang='lat' dir='ltr'>esse</span> 
     </span>
     <span class='ocr_line' id='line_1_22' title="bbox 131 2254 1655 2304; baseline 0.005 -18"><span class='ocrx_word' id='word_1_187' title='bbox 131 2254 303 2297; x_wconf 89' lang='lat' dir='ltr'>Apollini,</span> <span class='ocrx_word' id='word_1_188' title='bbox 327 2256 426 2299; x_wconf 86' lang='lat' dir='ltr'>virga</span> <span class='ocrx_word' id='word_1_189' title='bbox 450 2267 555 2288; x_wconf 86' lang='lat' dir='ltr'>aurea</span> <span class='ocrx_word' id='word_1_190' title='bbox 579 2257 622 2288; x_wconf 88' lang='lat' dir='ltr'>ab</span> <span class='ocrx_word' id='word_1_191' title='bbox 646 2268 685 2289; x_wconf 87' lang='lat' dir='ltr'>eo</span> <span class='ocrx_word' id='word_1_192' title='bbox 709 2255 880 2296; x_wconf 82' lang='lat' dir='ltr'>donatur,</span> <span class='ocrx_word' id='word_1_193' title='bbox 915 2255 973 2299; x_wconf 91' lang='lat' dir='ltr'>qui</span> <span class='ocrx_word' id='word_1_194' title='bbox 998 2260 1182 2299; x_wconf 81' lang='lat' dir='ltr'>praeterea</span> <span class='ocrx_word' id='word_1_195' title='bbox 1205 2258 1297 2290; x_wconf 86' lang='lat' dir='ltr'>illum</span> <span class='ocrx_word' id='word_1_196' title='bbox 1329 2257 1374 2291; x_wconf 86' lang='lat' dir='ltr'>ad</span> <span class='ocrx_word' id='word_1_197' title='bbox 1404 2258 1534 2292; x_wconf 87' lang='lat' dir='ltr'>Thrias</span> <span class='ocrx_word' id='word_1_198' title='bbox 1572 2269 1655 2304; x_wconf 89' lang='lat' dir='ltr'>pro-</span> 
     </span>
     <span class='ocr_line' id='line_1_23' title="bbox 128 2299 1654 2350; baseline 0.006 -19"><span class='ocrx_word' id='word_1_199' title='bbox 128 2299 238 2332; x_wconf 84' lang='lat' dir='ltr'>ficisci</span> <span class='ocrx_word' id='word_1_200' title='bbox 270 2300 385 2343; x_wconf 83' lang='lat' dir='ltr'>jubet,</span> <span class='ocrx_word' id='word_1_201' title='bbox 428 2306 468 2334; x_wconf 85' lang='lat' dir='ltr'>ut</span> <span class='ocrx_word' id='word_1_202' title='bbox 504 2306 611 2335; x_wconf 83' lang='lat' dir='ltr'>artem</span> <span class='ocrx_word' id='word_1_203' title='bbox 640 2300 851 2335; x_wconf 82' lang='lat' dir='ltr'>vaticinandi</span> <span class='ocrx_word' id='word_1_204' title='bbox 885 2312 950 2348; x_wconf 83' lang='lat' dir='ltr'>per</span> <span class='ocrx_word' id='word_1_205' title='bbox 981 2301 1117 2349; x_wconf 78' lang='lat' dir='ltr'>lapillos</span> <span class='ocrx_word' id='word_1_206' title='bbox 1151 2302 1349 2339; x_wconf 85' lang='lat' dir='ltr'>edoceatur.</span> <span class='ocrx_word' id='word_1_207' title='bbox 1395 2303 1450 2339; x_wconf 84' lang='lat' dir='ltr'>his</span> <span class='ocrx_word' id='word_1_208' title='bbox 1487 2304 1654 2350; x_wconf 80' lang='lat' dir='ltr'>expositis</span> 
     </span>
     <span class='ocr_line' id='line_1_24' title="bbox 135 2346 840 2390; baseline -0.001 -9"><span class='ocrx_word' id='word_1_209' title='bbox 135 2347 240 2390; x_wconf 60' lang='lat' dir='ltr'>poeta</span> <span class='ocrx_word' id='word_1_210' title='bbox 259 2346 391 2381; x_wconf 83' lang='lat' dir='ltr'>solenni</span> <span class='ocrx_word' id='word_1_211' title='bbox 417 2347 569 2383; x_wconf 86' lang='lat' dir='ltr'>clausula</span> <span class='ocrx_word' id='word_1_212' title='bbox 591 2347 668 2381; x_wconf 84' lang='lat' dir='ltr'>finit</span> <span class='ocrx_word' id='word_1_213' title='bbox 692 2358 840 2381; x_wconf 86' lang='lat' dir='ltr'>carmen.</span> 
     </span>
    </p>
   </div>
   <div class='ocr_carea' id='block_1_5' title="bbox 161 2568 1384 2723">
    <p class='ocr_par' dir='ltr' id='par_1_5' title="bbox 161 2568 1384 2723">
     <span class='ocr_line' id='line_1_25' title="bbox 161 2568 1384 2662; baseline 0.006 -17"><span class='ocrx_word' id='word_1_214' title='bbox 161 2568 369 2660; x_wconf 50' lang='lat' dir='ltr'>‹Eouqv</span> <span class='ocrx_word' id='word_1_215' title='bbox 395 2604 544 2662; x_wconf 75' lang='grc' dir='ltr'><em>ὕμνει,</em></span> <span class='ocrx_word' id='word_1_216' title='bbox 573 2610 760 2661; x_wconf 80' lang='grc' dir='ltr'><em>Μοῦσα,</em></span> <span class='ocrx_word' id='word_1_217' title='bbox 789 2607 901 2660; x_wconf 78' lang='grc' dir='ltr'><em>Διὸς</em></span> <span class='ocrx_word' id='word_1_218' title='bbox 930 2606 1004 2651; x_wconf 81' lang='grc' dir='ltr'>καὶ</span> <span class='ocrx_word' id='word_1_219' title='bbox 1032 2604 1240 2659; x_wconf 76' lang='grc' dir='ltr'><em>Μαιάδος</em></span> <span class='ocrx_word' id='word_1_220' title='bbox 1267 2607 1384 2662; x_wconf 80' lang='grc' dir='ltr'><strong><em>υἱόν,</em></strong></span> 
     </span>
     <span class='ocr_line' id='line_1_26' title="bbox 162 2661 1316 2723; baseline 0.004 -19"><span class='ocrx_word' id='word_1_221' title='bbox 162 2661 397 2718; x_wconf 82' lang='grc' dir='ltr'><strong><em>Κυλλήνης</em></strong></span> <span class='ocrx_word' id='word_1_222' title='bbox 424 2664 660 2720; x_wconf 78' lang='grc' dir='ltr'><strong><em>μεδέοντα,</em></strong></span> <span class='ocrx_word' id='word_1_223' title='bbox 690 2667 765 2710; x_wconf 79' lang='grc' dir='ltr'>καὶ</span> <span class='ocrx_word' id='word_1_224' title='bbox 789 2664 1015 2723; x_wconf 78' lang='grc' dir='ltr'><em>Ἀρκαδίης</em></span> <span class='ocrx_word' id='word_1_225' title='bbox 1044 2664 1316 2722; x_wconf 81' lang='grc' dir='ltr'><em>πολυμήλου,</em></span> 
     </span>
    </p>
   </div>
   <div class='ocr_carea' id='block_1_6' title="bbox 3 2793 1653 3033">
    <p class='ocr_par' dir='ltr' id='par_1_6' title="bbox 3 2793 1653 3033">
     <span class='ocr_line' id='line_1_27' title="bbox 41 2793 1653 2845; baseline 0.007 -19"><span class='ocrx_word' id='word_1_226' title='bbox 41 2793 292 2832; x_wconf 79' lang='lat' dir='ltr'>Annotationes.</span> <span class='ocrx_word' id='word_1_227' title='bbox 337 2797 468 2832; x_wconf 84' lang='lat' dir='ltr'>Auctor</span> <span class='ocrx_word' id='word_1_228' title='bbox 490 2799 616 2844; x_wconf 59' lang='lat' dir='ltr'>hymni</span> <span class='ocrx_word' id='word_1_229' title='bbox 635 2802 737 2837; x_wconf 84' lang='lat' dir='ltr'>Hom.</span> <span class='ocrx_word' id='word_1_230' title='bbox 761 2798 797 2836; x_wconf 86' lang='lat' dir='ltr'>in</span> <span class='ocrx_word' id='word_1_231' title='bbox 844 2800 931 2844; x_wconf 88' lang='lat' dir='ltr'>den,</span> <span class='ocrx_word' id='word_1_232' title='bbox 967 2805 1070 2835; x_wconf 87' lang='lat' dir='ltr'>unter</span> <span class='ocrx_word' id='word_1_233' title='bbox 1097 2801 1253 2835; x_wconf 84' lang='lat' dir='ltr'>welchen</span> <span class='ocrx_word' id='word_1_234' title='bbox 1285 2811 1327 2834; x_wconf 90' lang='lat' dir='ltr'>zu</span> <span class='ocrx_word' id='word_1_235' title='bbox 1358 2797 1550 2845; x_wconf 81' lang='lat' dir='ltr'>Aeschylus</span> <span class='ocrx_word' id='word_1_236' title='bbox 1571 2797 1653 2837; x_wconf 73' lang='lat' dir='ltr'>Zeit</span> 
     </span>
     <span class='ocr_line' id='line_1_28' title="bbox 3 2835 1653 2893; baseline 0.007 -22"><span class='ocrx_word' id='word_1_237' title='bbox 3 2835 198 2890; x_wconf 56' lang='lat' dir='ltr'>Blercurium</span> <span class='ocrx_word' id='word_1_238' title='bbox 221 2842 297 2888; x_wconf 89' lang='lat' dir='ltr'>quis</span> <span class='ocrx_word' id='word_1_239' title='bbox 319 2844 447 2886; x_wconf 85' lang='lat' dir='ltr'>fuerit,</span> <span class='ocrx_word' id='word_1_240' title='bbox 468 2846 658 2889; x_wconf 78' lang='lat' dir='ltr'>ignoratur.</span> <span class='ocrx_word' id='word_1_241' title='bbox 706 2849 797 2881; x_wconf 90' lang='lat' dir='ltr'>Vos-</span> <span class='ocrx_word' id='word_1_242' title='bbox 843 2848 1021 2893; x_wconf 64' lang='lat' dir='ltr'>Cyniithus</span> <span class='ocrx_word' id='word_1_243' title='bbox 1044 2848 1151 2881; x_wconf 89' lang='lat' dir='ltr'>durch</span> <span class='ocrx_word' id='word_1_244' title='bbox 1177 2848 1398 2890; x_wconf 76' lang='lat' dir='ltr'>vortragung</span> <span class='ocrx_word' id='word_1_245' title='bbox 1421 2845 1653 2883; x_wconf 81' lang='lat' dir='ltr'>homerischet</span> 
     </span>
     <span class='ocr_line' id='line_1_29' title="bbox 3 2886 1652 2940; baseline 0.008 -25"><span class='ocrx_word' id='word_1_246' title='bbox 3 2891 66 2938; x_wconf 68' lang='lat' dir='ltr'>slus</span> <span class='ocrx_word' id='word_1_247' title='bbox 93 2886 235 2930; x_wconf 74' lang='lat' dir='ltr'>Mythoz.</span> <span class='ocrx_word' id='word_1_248' title='bbox 267 2889 331 2923; x_wconf 89' lang='lat' dir='ltr'>Br.</span> <span class='ocrx_word' id='word_1_249' title='bbox 357 2890 433 2932; x_wconf 86' lang='lat'><strong>16.‚</strong></span> <span class='ocrx_word' id='word_1_250' title='bbox 466 2903 499 2936; x_wconf 89' lang='lat' dir='ltr'>p.</span> <span class='ocrx_word' id='word_1_251' title='bbox 526 2894 602 2928; x_wconf 82' lang='lat'>103.</span> <span class='ocrx_word' id='word_1_252' title='bbox 627 2896 661 2929; x_wconf 70' lang='lat'>2.</span> <span class='ocrx_word' id='word_1_253' title='bbox 692 2894 795 2928; x_wconf 58' lang='lat' dir='ltr'>edio:</span> <span class='ocrx_word' id='word_1_254' title='bbox 842 2905 878 2929; x_wconf 89' lang='lat' dir='ltr'>u.</span> <span class='ocrx_word' id='word_1_255' title='bbox 904 2894 1044 2937; x_wconf 83' lang='lat' dir='ltr'>eigener</span> <span class='ocrx_word' id='word_1_256' title='bbox 1067 2893 1240 2926; x_wconf 84' lang='lat' dir='ltr'>Gedichte</span> <span class='ocrx_word' id='word_1_257' title='bbox 1262 2893 1297 2925; x_wconf 87' lang='lat' dir='ltr'>in</span> <span class='ocrx_word' id='word_1_258' title='bbox 1321 2892 1477 2936; x_wconf 81' lang='lat' dir='ltr'>Syrakus</span> <span class='ocrx_word' id='word_1_259' title='bbox 1511 2905 1564 2928; x_wconf 83' lang='lat' dir='ltr'>am</span> <span class='ocrx_word' id='word_1_260' title='bbox 1587 2895 1652 2940; x_wconf 69' lang='lat' dir='ltr'>be-</span> 
     </span>
     <span class='ocr_line' id='line_1_30' title="bbox 3 2927 1649 2982; baseline 0.01 -19"><span class='ocrx_word' id='word_1_261' title='bbox 3 2927 83 2968; x_wconf 80' lang='lat' dir='ltr'>„Dle</span> <span class='ocrx_word' id='word_1_262' title='bbox 122 2932 353 2969; x_wconf 84' lang='lat' dir='ltr'>homerischen</span> <span class='ocrx_word' id='word_1_263' title='bbox 397 2937 554 2982; x_wconf 82' lang='lat' dir='ltr'>Hymnen</span> <span class='ocrx_word' id='word_1_264' title='bbox 601 2939 686 2973; x_wconf 85' lang='lat' dir='ltr'>hielt</span> <span class='ocrx_word' id='word_1_265' title='bbox 719 2951 796 2974; x_wconf 82' lang='lat' dir='ltr'>man</span> <span class='ocrx_word' id='word_1_266' title='bbox 842 2940 1053 2974; x_wconf 74' lang='lat' dir='ltr'>rfihmtesten</span> <span class='ocrx_word' id='word_1_267' title='bbox 1088 2939 1199 2972; x_wconf 82' lang='lat' dir='ltr'>ward.</span> <span class='ocrx_word' id='word_1_268' title='bbox 1248 2938 1380 2981; x_wconf 71' lang='lat' dir='ltr'>(Schoh</span> <span class='ocrx_word' id='word_1_269' title='bbox 1413 2939 1514 2973; x_wconf 80' lang='lat' dir='ltr'>Pind.</span> <span class='ocrx_word' id='word_1_270' title='bbox 1547 2939 1649 2975; x_wconf 81' lang='lat' dir='ltr'>Nem-</span> 
     </span>
     <span class='ocr_line' id='line_1_31' title="bbox 3 2977 1652 3033; baseline 0.016 -24"><span class='ocrx_word' id='word_1_271' title='bbox 3 2977 249 3017; x_wconf 65' lang='lat' dir='ltr'>gffisstentheils</span> <span class='ocrx_word' id='word_1_272' title='bbox 281 2982 337 3015; x_wconf 73' lang='lat' dir='ltr'>fur</span> <span class='ocrx_word' id='word_1_273' title='bbox 358 2983 525 3020; x_wconf 84' lang='lat' dir='ltr'>Arbeiten</span> <span class='ocrx_word' id='word_1_274' title='bbox 550 2984 613 3020; x_wconf 87' lang='lat' dir='ltr'>der</span> <span class='ocrx_word' id='word_1_275' title='bbox 637 2986 796 3022; x_wconf 83' lang='lat' dir='ltr'>Homeri-</span> <span class='ocrx_word' id='word_1_276' title='bbox 841 2987 876 3029; x_wconf 59' lang='grc' dir='ltr'>ἓ,</span> <span class='ocrx_word' id='word_1_277' title='bbox 903 2986 983 3031; x_wconf 85' lang='lat'>1·)“</span> <span class='ocrx_word' id='word_1_278' title='bbox 1029 2985 1208 3032; x_wconf 59' lang='lat' dir='ltr'>Cynaetlffi</span> <span class='ocrx_word' id='word_1_279' title='bbox 1239 2984 1347 3030; x_wconf 53' lang='lat' dir='ltr'>igitur</span> <span class='ocrx_word' id='word_1_280' title='bbox 1379 2984 1470 3020; x_wconf 67' lang='lat' dir='ltr'>hunc</span> <span class='ocrx_word' id='word_1_281' title='bbox 1493 2986 1652 3033; x_wconf 70' lang='lat' dir='ltr'>hymnum</span> 
     </span>
    </p>
   </div>
   <div class='ocr_carea' id='block_1_7' title="bbox 42 3030 1375 3076">
    <p class='ocr_par' dir='ltr' id='par_1_7' title="bbox 42 3030 1375 3076">
     <span class='ocr_line' id='line_1_32' title="bbox 42 3030 1375 3076; baseline 0.008 -6"><span class='ocrx_word' id='word_1_282' title='bbox 42 3030 180 3072; x_wconf 68' lang='lat' dir='ltr'>Henna.</span> <span class='ocrx_word' id='word_1_283' title='bbox 207 3037 342 3074; x_wconf 74' lang='lat' dir='ltr'>Onxss.</span> <span class='ocrx_word' id='word_1_284' title='bbox 368 3040 430 3076; x_wconf 82' lang='grc' dir='ltr'><strong>ΙΙΙ.</strong></span> <span class='ocrx_word' id='word_1_285' title='bbox 1319 3035 1375 3076; x_wconf 68' lang='grc'>19</span> 
     </span>
    </p>
   </div>
   <div class='ocr_carea' id='block_1_8' title="bbox 1279 3118 1298 3126">
    <p class='ocr_par' dir='ltr' id='par_1_8' title="bbox 1279 3118 1298 3126">
     <span class='ocr_line' id='line_1_33' title="bbox 1279 3118 1298 3126; baseline 0 -2"><span class='ocrx_word' id='word_1_286' title='bbox 1279 3118 1298 3126; x_wconf 56' lang='lat'>,-</span> 
     </span>
    </p>
   </div>
  </div>
 </body>
</html>
