1821 3288
143 104 229 146 276

543 101 815 143 2312
867 95 1409 146 AHOAA52”NA
1645 139 1663 147 -

300 207 438 264 Ἴσχυ’
469 208 548 271 ἅμ’
579 208 787 270 ἀντιθέῳ,
816 208 1084 266 Ἐλατιονίδη
1114 210 1302 285 εὐίππῳ,

264 267 285 288 *
315 266 342 322 ἦ
371 266 459 321 ἅμα
487 263 713 322 Φόρβαντι
741 257 945 321 Τριόπεω
974 268 1120 321 γένος,
1149 267 1177 323 ἢ
1206 269 1284 323 ἅμ’
1316 270 1489 323 ἐρευθεῖ

227 325 317 368 35*
347 322 376 378 ἦ
403 322 518 392 ἅμα
524 327 759 380 Λευκίππῳ
790 325 862 366 καὶ
891 326 1162 367 Λευκίπποιο
1183 325 1378 392 δάμαρτι

267 383 286 405 *
314 378 461 432 πεζὸς,
495 377 519 423 ὁ
551 379 595 423 δ’
628 382 850 432 ἵπποισιν,
882 379 936 423 οὐ
966 380 1066 450 μὴν
1086 380 1278 435 Τριόπας
1306 383 1350 438 γ’
1382 385 1617 441 ἐνέλειπενς

311 434 343 491 ἦ
373 434 430 486 ὠς
465 437 512 480 τὸ
543 440 719 490 πρῶτον
727 436 1010 536 χρηστήριον
1040 436 1312 491 άϊθρωποισι

312 492 501 549 ζητεύων
529 493 638 535 κατὰ
667 498 798 548 γαῖαν
829 494 945 564 ἔβης,
983 494 1212 565 ἑκατηβόλ’
1233 495 1474 547 ’Ἀπολλονς

393 550 575 605 Πιερίην
593 549 683 620 μὲν
711 554 888 602 πρῶτον
919 549 993 593 ἀπ’
1029 551 1287 606 Ου’λύμποιο
1317 557 1554 621 κατῆλθες,

225 608 282 651 40
314 608 334 628 '⁵
363 606 530 648 Λέκτον
559 604 603 648 τ’
632 604 884 662 ἠμαθόεντα
913 607 1183 663 παρέστιχες,
1212 607 1286 664 ηδ’
1320 608 1541 664 Ενιῆνας,

313 662 390 704 καὶ
419 661 491 704 δια
521 662 824 733 Περραιβούς,
856 664 964 719 τάχα
997 664 1038 708 δ’
1070 667 1129 715 εἰς
1157 665 1401 708 Ἰαωλκόν
1390 668 1555 720 ι’κανες,

307 720 511 772 Κηναίου
542 735 566 760 τ
621 720 774 776 ἐπέβης
801 725 1103 778 ναυσικλειτῆς
1131 721 1356 791 Εὐβοίης,

310 779 412 827 στῆς
443 773 486 817 δ’
519 774 588 818 ἐπὶ
616 778 828 845 Ληλάντῳ
858 782 1016 834 πεδίῳ,
1045 779 1095 822 τό
1121 796 1189 821 τοι
1221 777 1298 834 οὐχ
1328 777 1406 822 ἅδε
1434 781 1568 837 θυμῷ

306 831 542 882 τεύξασθαι
572 833 682 888 νηόν
710 850 775 887 τε,
806 835 876 877 καὶ
906 834 1040 879 άλσεα
1070 835 1344 906 δενδρήεντα.

223 888 278 934 45
310 887 439 930 ε’νθεν
469 887 511 930 6'
542 890 749 944 Εὔριπον
779 891 962 947 διαβὰς,
991 892 1218 961 ἑκατηβόλ’
1242 891 1480 943 Ἀπολλον,

306 946 387 1015 βῆς
417 942 493 987 ἀν’
523 946 627 1000 ὅρος
658 947 840 1000 ζάθεον,
871 949 1062 1004 χλωρόν·
1090 949 1201 1018 τάχα
1233 949 1274 992 6²
1307 946 1390 1001 ἷξες
1421 945 1500 991 ἀπ’
1532 945 1698 1000 αὐτοῦ,

306 1017 352 1050 ες
382 1003 657 1072 Μυκαλησόν
688 1005 770 1047 ι’ων
799 1007 873 1048 καὶ
908 1005 1132 1061 Τευμησὸν
1161 1008 1409 1076 λεχεποίην,

310 1057 458 1127 Θηβης
488 1057 533 1102 6'
566 1062 845 1115 εἰσαφίκανες
877 1061 974 1113 ε’ὄος
1004 1064 1287 1118 καταειμένον
1317 1063 1432 1129 ὕλῃ·

305 1112 360 1156 οὐ
390 1115 474 1168 γάρ
505 1116 572 1158 πώ
604 1132 669 1168 τις
703 1118 819 1161 ε’ναιε
849 1123 1022 1176 βροτῶν
1053 1122 1148 1175 ἱερῇ
1184 1120 1247 1162 ἐνὶ
1278 1118 1422 1174 Θήβῃ,

221 1173 277 1215 50
307 1169 409 1213 οὐδ’
442 1170 527 1226 άρα
555 1188 624 1214 πω
655 1173 751 1217 τότε
779 1173 826 1229 γ’
860 1178 973 1228 ἦσαν
1002 1174 1254 1248 ἀταρπιτοὶ,
1288 1176 1393 1218 ου’ὁὲ
1425 1174 1653 1227 κέλευθοι,

313 1226 462 1283 Θήβης
492 1227 707 1284 ἀμπεδίον
735 1231 1026 1288 πυρηφόρον,
1058 1232 1154 1275 ἀλλ’
1184 1233 1277 1289 ἔχεν
1305 1232 1405 1288 ὕλη.

133 1393 233 1418 anxi..
260 1379 402 1418 ὁππότ’
426 1383 658 1432 α’γαιόμενος,
683 1388 944 1434 quiaindigna-

132 1434 188 1463 tus
214 1429 382 1465 Coronidi
406 1433 512 1467 suerit
543 1435 680 1479 Apollo.
716 1436 803 1470 bene
839 1437 943 1470 habet

132 1473 347 1519 ἀνιέμενος,
372 1478 538 1513 incitatus
564 1491 697 1521 amore,
723 1487 761 1515 ut
785 1480 874 1536 οὐδὲ
902 1494 942 1518 κε

137 1522 352 1567 Τηλέμαχον
386 1525 633 1582 κεχολωμένον
675 1522 747 1561 ωδ’
787 1526 940 1572 ἀνιείης,

131 1569 190 1602 ubi
232 1580 265 1603 v.
300 1581 377 1605 ann.
413 1590 457 1595 —
492 1569 752 1613 Ἀζαντίδα
807 1574 939 1608 Mosa:

126 1613 350 1650 Ἅτλαντίδα.
375 1621 550 1650 tentarunt
568 1617 758 1660 'QAgamoa
783 1621 844 1652 sed
863 1620 940 1664 agi-

130 1667 186 1694 tur
211 1661 412 1705 Thessalis,
436 1663 620 1718 Plilegjae
654 1665 747 1706 filia,
782 1665 941 1699 Coronis.

129 1706 239 1750 igitur
255 1719 420 1751 ponamus
436 1705 626 1752 Ἀζωρίὸα,
652 1711 696 1744 ab
717 1714 849 1753 Azoro,
877 1723 942 1745 ur-

129 1753 174 1786 be
204 1753 311 1786 nobili
347 1754 562 1789 Thessaliae.
598 1768 631 1789 v.
667 1738 873 1798 Cellas-11,
905 1769 941 1802 p.

130 1799 233 1833 1061.
259 1805 294 1832 et
329 1801 384 1834 62.
421 1802 508 1835 haec
542 1802 665 1836 similia
693 1814 768 1837 esse
800 1803 835 1836 in
867 1803 942 1848 ple-

127 1845 243 1888 risque
275 1845 394 1889 libris,
437 1847 552 1881 sciunt
594 1849 696 1893 gnari
734 1849 938 1894 palaeogra-

153 1890 243 1925 hiae.

127 1902 270 1971 P34—
281 1937 340 1972 36.
387 1937 468 1972 libri
501 1944 610 1973 vett-2
643 1938 795 1983 Τριόπω
819 1938 937 1984 γένος.

126 1990 256 2016 rectum
282 1983 432 2025 videtur,
470 1986 561 2029 quod
586 1986 801 2020 suffecerunt.
830 1987 940 2029 Τριό-

125 2041 221 2068 πεω,
257 2029 316 2062 sed
359 2029 462 2073 γένος
498 2033 728 2072 servaverim,
769 2033 938 2076 Τριόπεω

125 2075 230 2118 γένος
261 2075 454 2119 intelligens
487 2077 642 2122 Triopae
675 2058 800 2119 filiam,
837 2092 939 2123 quam

125 2121 247 2165 Apollo
274 2124 440 2156 amavisse
464 2123 610 2157 dicatur
646 2125 736 2169 quod
761 2137 823 2159 nec
846 2126 936 2169 llge-

124 2167 183 2200 nio
218 2167 404 2211 displicuit.
449 2171 666 2214 corruptiora
706 2176 802 2212 sunt,
851 2183 939 2216 quae

128 2221 338 2257 sequuntur3
370 2213 407 2247 id
443 2221 556 2249 tamen
581 2222 746 2259 apparet,
770 2228 838 2251 non
864 2229 934 2251 am—

124 2259 213 2303 plius
247 2271 381 2293 amores
416 2261 473 2305 agi
513 2261 698 2306 Apollinis,
732 2262 792 2296 sed
820 2270 934 2296 certa-

124 2316 202 2338 men
246 2305 438 2349 quoddam,
479 2307 570 2351 quod
613 2307 697 2341 deus
737 2308 816 2342 iniit
857 2321 933 2343 cum

123 2350 316 2395 Leucippo.
353 2333 476 2396 quib'us
500 2354 535 2386 in
560 2353 675 2388 verbis
699 2352 850 2402 s’vafiel
871 2355 933 2389 ha-

121 2397 205 2430 bent
229 2397 305 2430 Ald.
329 2398 363 2433 3.
400 2405 435 2432 et
469 2398 547 2432 libri
577 2405 664 2433 vett.
689 2407 831 2445 praeter
855 2401 930 2434 cod.

121 2442 233 2476 Mose.
244 2467 255 2484 ‚
292 2443 327 2476 in
363 2455 430 2488 quo
471 2449 645 2489 repertum
688 2453 743 2480 est
774 2447 932 2480 Barnesii

120 2484 307 2532 Ἐρεχθεῖ,
340 2491 497 2534 cupidius
521 2490 604 2524 illud
629 2492 774 2526 accitum
800 2505 820 2526 a
847 2493 931 2526 viris

121 2534 245 2568 doctis.
287 2535 409 2580 steph.
434 2548 592 2594 quoque,
616 2537 774 2582 Bergleri
798 2543 832 2572 et
860 2551 930 2572 me-

121 2580 201 2614 diae
233 2582 360 2615 aetatis
396 2582 495 2615 edd.-
528 2581 686 2626 ἐρευθεῖ.
727 2585 930 2628 scribamus,

120 2626 293 2661 sententia
316 2629 514 2685 praeclara·

257 2693 303 2699 —
349 2691 393 2698 —
441 2671 466 2718 ἦ
491 2672 559 2718 ἅμ’
585 2674 756 2719 ἐρείσθης

132 2757 134 2759 ,
189 2712 234 2754 εὖ
254 2718 354 2763 μάλα
375 2723 593 2768 Λευκίππῳ,
619 2722 679 2756 καὶ
702 2720 927 2757 Λευκίπποιο

557 2769 734 2811 δάμαρτι,

188 2807 311 2855 πεζὸς,
337 2809 357 2848 6
383 2809 425 2848 6’
450 2814 630 2857 ιπποισιν,
655 2817 724 2849 τοῦ
747 2811 814 2857 μὲν
838 2815 926 2857 Τρι-

558 2859 653 2899 όπας
669 2860 699 2905 γ’
722 2861 923 2902 ἐνέλειπεν,·

119 2898 368 2960 ἔρείσθης,
410 2907 571 2948 certasti,
613 2914 650 2940 nt
686 2907 725 2940 Il.
756 2905 810 2964 ψ’,
841 2907 921 2963 735.

118 2949 206 2984 τοῦ
236 2947 326 2994 μὲν
357 2951 439 2997 (pro
478 2963 519 2987 eo
555 2953 719 2999 scriptum
756 2949 804 2991 οὗ
840 2951 921 2998 μὲν,

990 1401 1078 1434 quae
1103 1394 1156 1424 est
1181 1388 1389 1447 explicatiO,
1419 1399 1521 1433 porro
1552 1386 1797 1432 degeneravit)

995 1436 1112 1478 Τριό
1125 1450 1215 1476 ποις
1237 1450 1258 1481 y
1300 1434 1555 1475 ἐνέλειπεν,
1575 1446 1640 1478 quo
1660 1435 1797 1487 qraidem

988 1483 1132 1524 inferior
1163 1483 1236 1523 suit
1275 1483 1432 1525 Triopas.
1480 1480 1722 1523 antevertitig„
1713 1480 1798 1513 ritur

988 1528 1141 1571 'Iriopae
1164 1528 1383 1572 Leucippus,
1420 1538 1486 1560 ιιοιι
1520 1527 1603 1560 item
1636 1525 1798 1570 Apollini,
1820 1572 1821 1576 Ἰ

988 1575 1141 1618 quamvis
1175 1575 1301 1619 pediti,
1339 1584 1414 1606 cum
1449 1573 1524 1617 ipse
1558 1584 1658 1610 curru
1693 1572 1797 1605 inve-

987 1621 1131 1653 heretur
1154 1632 1226 1653 cum
1253 1631 1370 1654 uxore.
1408 1619 1548 1662 ignotae
1573 1618 1709 1650 fabulae
1734 1629 1796 1651 no-

987 1671 1046 1699 tae
1089 1677 1267 1711 personae.
1310 1678 1345 1700 ι..
1380 1665 1489 1708 Ilgeu.
1521 1668 1557 1696 et
1595 1663 1798 1708 mythologi.

1034 1712 1204 1746 39—43.
1255 1713 1474 1754 Πιερίην.
1515 1710 1642 1753 odyss.
1666 1709 1705 1750 ε’,
1738 1712 1795 1744 50.

986 1776 1030 1782 --
1056 1758 1250 1793 Λέκτον.
1299 1758 1443 1790 alienum
1479 1765 1532 1789 est
1563 1756 1606 1788 ab
1638 1754 1704 1789 boc
1736 1755 1796 1788 iti-

985 1815 1091 1843 nere,
1117 1816 1205 1848 quo,
1242 1815 1284 1837 ex
1308 1803 1423 1837 Pieria
1447 1801 1643 1847 profectus,
1669 1801 1795 1836 Iolcum

985 1850 1107 1894 Apollo
1134 1851 1256 1895 petiit,
1280 1851 1444 1888 Lectum,
1481 1848 1613 1891 Trojae
1631 1859 1797 1891 promon-

985 1896 1122 1930 torium.
1171 1895 1397 1940 probabiliter
1423 1894 1507 1939 llg.:
1539 1894 1700 1935 Λεῦκον,
1736 1893 1795 1938 qui

986 1940 1112 1975 fluvius
1155 1948 1207 1975 est
1242 1941 1468 1976 Macedoniae
1495 1940 1531 1973 in
1564 1939 1691 1973 Pieria.
1731 1939 1795 1975 sed

985 1987 1073 2020 idem
1099 1987 1224 2032 aliique
1248 1993 1387 2031 praeter
1409 1985 1648 2021 necessitatem
1673 1985 1795 2020 edide-

985 2040 1066 2066 runt
1095 2033 1285 2075 Ἠμαθίην
1308 2045 1368 2076 τε,
1403 2029 1677 2074 ut11.g'‚225.
1704 2033 1793 2067 Πιε-

985 2081 1070 2123 ρίην
1105 2079 1143 2114 6'
1181 2079 1358 2123 ἐπιβᾶσα,
1390 2078 1452 2112 καὶ
1482 2077 1674 2122 Ἠμαθίην
1707 2076 1792 2121 ἐρα-

984 2124 1127 2170 τεινήνε
1152 2137 1262 2169 neque
1287 2126 1373 2160 enim
1398 2135 1454 2158 nes
1477 2124 1634 2158 inaudita
1653 2130 1714 2159 aut
1735 2124 1792 2158 in-

984 2172 1087 2206 solita
1114 2180 1167 2206 est
1190 2172 1313 2206 fluvius
1350 2181 1525 2204 arenosus.
1567 2171 1696 2227 optime
1728 2182 1791 2204 au-

983 2225 1050 2251 tem
1075 2219 1140 2262 ng.
1154 2231 1161 2250 :
1197 2215 1265 2261 ἠδ’
1295 2213 1466 2260 Ἐνιῆνας
1490 2227 1551 2261 pro
1579 2214 1604 2259 ἢ
1631 2215 1790 2260 μαγνηΐ-

981 2266 1061 2306 δας,
1083 2264 1173 2308 quod
1194 2264 1319 2297 habent
1316 2263 1493 2319 plerique
1513 2261 1634 2303 codd„
1659 2274 1732 2296 cum
1752 2263 1789 2297 in

979 2309 1088 2343 Mose.
1100 2310 1289 2343 invenisset
1309 2306 1333 2352 ἢ
1351 2306 1539 2352 ἁγνιήνας.
1564 2308 1655 2351 quod
1678 2316 1788 2343 ortum

978 2356 1096 2400 procul
1117 2356 1218 2389 dubio
1246 2367 1289 2389 ex
1314 2354 1658 2396 HAAINIHNAC,
1683 2355 1789 2388 HAI*

978 2402 1188 2441 NIHNAC,
1199 2401 1474 2445 quemadmodum
1487 2401 1654 2442 Αἰνιῆνες
1665 2400 1787 2434 dicun-

977 2455 1034 2482 tur
1055 2460 1112 2492 ap.
1139 2448 1262 2490 Eurip.
1285 2447 1325 2491 Ip
1331 2448 1362 2481 ιι.
1383 2447 1456 2482 Aul.
1481 2447 1561 2482 233.
1581 2453 1618 2479 et
1636 2445 1787 2480 Strabo-

977 2506 1051 2527 nem
1075 2497 1109 2535 9,
1135 2505 1168 2538 p.
1193 2494 1271 2527 411.
1292 2493 1346 2526 ed.
1364 2492 1470 2526 Basil.
1485 2513 1529 2519 —
1553 2490 1785 2536 Ληλάντῳ

976 2541 1143 2584 πεδίῳ,
1172 2538 1214 2572 ad
1235 2540 1374 2572 fiuvium
1396 2537 1649 2583 cognominem,
1673 2548 1785 2583 prope

976 2585 1176 2621 Eretriam
1167 2597 1201 2618 ιιι
1218 2584 1329 2618 insula
1352 2585 1507 2618 Euboea.

1022 2633 1078 2670 46,
1103 2633 1159 2666 47.
1207 2644 1329 2674 ορος.
1366 2629 1560 2674 Messapius
1583 2640 1699 2670 mons,
1725 2628 1784 2665 vel

975 2677 1209 2722 Iilsmcalessus
1244 2679 1339 2720 cujus
1375 2676 1418 2709 ad
1454 2676 1588 2709 radices
1619 2675 1687 2708 sita
1715 2675 1783 2710 suit

974 2726 1057 2757 urbs
1089 2723 1296 2766 cognominis
1329 2723 1364 2756 in
1396 2721 1553 2756 Boeotia
1592 2731 1626 2753 v·
1657 2720 1698 2756 Il.
1721 2719 1778 2777 β’,

974 2770 1191 2813 498‚11g1r.en
1261 2769 1378 2802 Herm.
1413 2787 1459 2792 —
1508 2765 1780 2810 Τευμησὸν,

971 2817 1079 2849 vicum
1107 2815 1288 2857 Boeotiae,
1323 2815 1366 2848 de
1391 2825 1456 2858 quo
1480 2812 1508 2845 B
1534 2812 1645 2847 evolvi
1675 2813 1779 2856 jussit

971 2861 1285 2905 Schellenbergium
1325 2859 1494 2894 animadv.
1535 2859 1580 2892 ad
1623 2858 1778 2893 Antima-

969 2908 1064 2942 chum
1100 2920 1132 2952 ρ.
1166 2909 1222 2943 53.
1259 2926 1306 2931 -
1337 2905 1619 2948 λεχεποίην,
1653 2905 1773 2940 herbo·

967 2965 1063 2999 sam,
1087 2955 1130 2990 ab
1154 2965 1227 2989 usu.
1253 2964 1289 2990 v.
1313 2951 1426 2998 hymn.
1451 2952 1485 2995 3,
1510 2951 1567 2987 88.
1646 2969 1673 2990 4.
