<?xml version="1.0" encoding="UTF-8"?>
<!DOCTYPE html PUBLIC "-//W3C//DTD XHTML 1.0 Transitional//EN"
    "http://www.w3.org/TR/xhtml1/DTD/xhtml1-transitional.dtd">
<html xmlns="http://www.w3.org/1999/xhtml" xml:lang="en" lang="en">
 <head>
  <title>
</title>
<meta http-equiv="Content-Type" content="text/html;charset=utf-8" />
  <meta name='ocr-system' content='tesseract 3.04.00' />
  <meta name='ocr-capabilities' content='ocr_page ocr_carea ocr_par ocr_line ocrx_word'/>
</head>
<body>
  <div class='ocr_page' id='page_1' title='image "./carmina05home/carmina05home_0064.png"; bbox 0 0 1821 3288; ppageno 0'>
   <div class='ocr_carea' id='block_1_1' title="bbox 78 118 135 158">
    <p class='ocr_par' dir='ltr' id='par_1_1' title="bbox 78 118 135 158">
     <span class='ocr_line' id='line_1_1' title="bbox 78 118 135 158; baseline 0.018 -1"><span class='ocrx_word' id='word_1_1' title='bbox 78 118 135 158; x_wconf 75' lang='lat'><strong><em>62</em></strong></span> 
     </span>
    </p>
   </div>
   <div class='ocr_carea' id='block_1_2' title="bbox 677 109 1088 152">
    <p class='ocr_par' dir='ltr' id='par_1_2' title="bbox 677 109 1088 152">
     <span class='ocr_line' id='line_1_2' title="bbox 677 109 1088 152; baseline -0.005 0"><span class='ocrx_word' id='word_1_2' title='bbox 677 109 1088 152; x_wconf 72' lang='grc' dir='ltr'><em>ΟΜΗΡΟΥ</em></span> 
     </span>
    </p>
   </div>
   <div class='ocr_carea' id='block_1_3' title="bbox 217 217 1741 312">
    <p class='ocr_par' dir='ltr' id='par_1_3' title="bbox 217 217 1741 312">
     <span class='ocr_line' id='line_1_3' title="bbox 310 217 1741 267; baseline -0.004 -10"><span class='ocrx_word' id='word_1_3' title='bbox 310 224 368 258; x_wconf 81' lang='lat' dir='ltr'><strong><em>ubi</em></strong></span> <span class='ocrx_word' id='word_1_4' title='bbox 393 222 652 267; x_wconf 75' lang='lat' dir='ltr'>advesperavit‚</span> <span class='ocrx_word' id='word_1_5' title='bbox 676 220 822 265; x_wconf 80' lang='lat' dir='ltr'>Ulysses</span> <span class='ocrx_word' id='word_1_6' title='bbox 845 218 1040 264; x_wconf 83' lang='lat' dir='ltr'><strong>Penelopae</strong></span> <span class='ocrx_word' id='word_1_7' title='bbox 1064 219 1215 259; x_wconf 61' lang='lat' dir='ltr'>ancillam,</span> <span class='ocrx_word' id='word_1_8' title='bbox 1239 230 1328 262; x_wconf 87' lang='lat' dir='ltr'>quae</span> <span class='ocrx_word' id='word_1_9' title='bbox 1351 219 1445 253; x_wconf 84' lang='lat' dir='ltr'>faces</span> <span class='ocrx_word' id='word_1_10' title='bbox 1470 217 1672 260; x_wconf 80' lang='lat' dir='ltr'>accendunt,</span> <span class='ocrx_word' id='word_1_11' title='bbox 1697 217 1741 252; x_wconf 82' lang='lat' dir='ltr'><strong><em>ad</em></strong></span> 
     </span>
     <span class='ocr_line' id='line_1_4' title="bbox 217 264 1581 312; baseline -0.005 -7"><span class='ocrx_word' id='word_1_12' title='bbox 217 270 388 306; x_wconf 81' lang='lat' dir='ltr'>dominam</span> <span class='ocrx_word' id='word_1_13' title='bbox 413 269 528 303; x_wconf 79' lang='lat' dir='ltr'>redire</span> <span class='ocrx_word' id='word_1_14' title='bbox 547 269 660 312; x_wconf 86' lang='lat' dir='ltr'><strong>jubet,</strong></span> <span class='ocrx_word' id='word_1_15' title='bbox 684 278 790 311; x_wconf 81' lang='lat' dir='ltr'>seque</span> <span class='ocrx_word' id='word_1_16' title='bbox 813 266 849 299; x_wconf 81' lang='lat' dir='ltr'><strong><em>id</em></strong></span> <span class='ocrx_word' id='word_1_17' title='bbox 873 265 979 298; x_wconf 81' lang='lat' dir='ltr'>officii</span> <span class='ocrx_word' id='word_1_18' title='bbox 1003 265 1089 299; x_wconf 81' lang='lat' dir='ltr'><strong>viris</strong></span> <span class='ocrx_word' id='word_1_19' title='bbox 1114 264 1358 311; x_wconf 75' lang='lat' dir='ltr'>praestiturum</span> <span class='ocrx_word' id='word_1_20' title='bbox 1383 276 1459 299; x_wconf 75' lang='lat' dir='ltr'>esse</span> <span class='ocrx_word' id='word_1_21' title='bbox 1483 264 1581 300; x_wconf 81' lang='lat' dir='ltr'><strong><em>dicit.</em></strong></span> 
     </span>
    </p>
   </div>
   <div class='ocr_carea' id='block_1_4' title="bbox 121 331 1546 1074">
    <p class='ocr_par' dir='ltr' id='par_1_4' title="bbox 338 331 1451 405">
     <span class='ocr_line' id='line_1_5' title="bbox 338 331 1451 405; baseline -0.004 -25"><span class='ocrx_word' id='word_1_22' title='bbox 338 338 393 380; x_wconf 80' lang='grc' dir='ltr'><strong><em>Οἱ</em></strong></span> <span class='ocrx_word' id='word_1_23' title='bbox 421 333 466 380; x_wconf 89' lang='grc' dir='ltr'><strong><em>δ’</em></strong></span> <span class='ocrx_word' id='word_1_24' title='bbox 499 337 559 387; x_wconf 85' lang='grc' dir='ltr'><strong><em>εἷς</em></strong></span> <span class='ocrx_word' id='word_1_25' title='bbox 578 332 808 405; x_wconf 78' lang='grc' dir='ltr'><strong><em>ὀρχηστύν</em></strong></span> <span class='ocrx_word' id='word_1_26' title='bbox 836 348 882 375; x_wconf 86' lang='grc' dir='ltr'><strong><em>τε</em></strong></span> <span class='ocrx_word' id='word_1_27' title='bbox 910 332 983 374; x_wconf 85' lang='grc' dir='ltr'><strong><em>καὶ</em></strong></span> <span class='ocrx_word' id='word_1_28' title='bbox 995 331 1263 402; x_wconf 77' lang='grc' dir='ltr'><strong><em>ἱμερόεσσαν</em></strong></span> <span class='ocrx_word' id='word_1_29' title='bbox 1293 331 1451 387; x_wconf 78' lang='grc' dir='ltr'><strong><em>ἆοιδην</em></strong></span> 
     </span>
    </p>

    <p class='ocr_par' dir='ltr' id='par_1_5' title="bbox 121 387 1529 670">
     <span class='ocr_line' id='line_1_6' title="bbox 121 387 1529 449; baseline -0.005 -9.928"><span class='ocrx_word' id='word_1_30' title='bbox 121 397 218 440; x_wconf 86' lang='grc'><strong><em>“305</em></strong></span> <span class='ocrx_word' id='word_1_31' title='bbox 247 393 515 449; x_wconf 76' lang='grc' dir='ltr'><strong><em>τρεψάμενοι</em></strong></span> <span class='ocrx_word' id='word_1_32' title='bbox 543 391 768 446; x_wconf 87' lang='grc' dir='ltr'><strong><em>τέρποντο,</em></strong></span> <span class='ocrx_word' id='word_1_33' title='bbox 797 389 931 444; x_wconf 89' lang='grc' dir='ltr'><strong><em>με’νον</em></strong></span> <span class='ocrx_word' id='word_1_34' title='bbox 963 387 1006 431; x_wconf 88' lang='grc' dir='ltr'><strong><em>δ’</em></strong></span> <span class='ocrx_word' id='word_1_35' title='bbox 1043 389 1110 432; x_wconf 80' lang='grc' dir='ltr'><strong><em>ἐπὶ</em></strong></span> <span class='ocrx_word' id='word_1_36' title='bbox 1145 389 1331 447; x_wconf 77' lang='grc' dir='ltr'><strong><em>ἕσπερον</em></strong></span> <span class='ocrx_word' id='word_1_37' title='bbox 1360 389 1529 434; x_wconf 78' lang='grc' dir='ltr'><strong><em>ἐλθεῖν·</em></strong></span> 
     </span>
     <span class='ocr_line' id='line_1_7' title="bbox 247 445 1427 517; baseline -0.004 -23"><span class='ocrx_word' id='word_1_38' title='bbox 247 456 366 493; x_wconf 85' lang='grc' dir='ltr'><strong><em>τοῖσι</em></strong></span> <span class='ocrx_word' id='word_1_39' title='bbox 400 451 446 493; x_wconf 82' lang='grc' dir='ltr'><strong><em>δὲ</em></strong></span> <span class='ocrx_word' id='word_1_40' title='bbox 476 448 778 503; x_wconf 81' lang='grc' dir='ltr'><strong><em>τερπομένοισι</em></strong></span> <span class='ocrx_word' id='word_1_41' title='bbox 795 446 938 517; x_wconf 83' lang='grc' dir='ltr'><strong><em>μέλας</em></strong></span> <span class='ocrx_word' id='word_1_42' title='bbox 969 445 1037 488; x_wconf 79' lang='grc' dir='ltr'><strong><em>ἐπὶ</em></strong></span> <span class='ocrx_word' id='word_1_43' title='bbox 1070 445 1250 499; x_wconf 78' lang='grc' dir='ltr'><strong><em>ἕσπερος</em></strong></span> <span class='ocrx_word' id='word_1_44' title='bbox 1280 448 1427 501; x_wconf 77' lang='grc' dir='ltr'><strong><em>ἦλθεν</em></strong></span> 
     </span>
     <span class='ocr_line' id='line_1_8' title="bbox 250 502 1420 578; baseline -0.005 -28"><span class='ocrx_word' id='word_1_45' title='bbox 250 507 408 550; x_wconf 82' lang='grc' dir='ltr'><strong><em>αὐτίκα</em></strong></span> <span class='ocrx_word' id='word_1_46' title='bbox 438 510 690 578; x_wconf 78' lang='grc' dir='ltr'><strong><em>λαμπτῆρας</em></strong></span> <span class='ocrx_word' id='word_1_47' title='bbox 719 507 832 555; x_wconf 84' lang='grc' dir='ltr'><strong><em>τρεῖς</em></strong></span> <span class='ocrx_word' id='word_1_48' title='bbox 862 502 1047 544; x_wconf 85' lang='grc' dir='ltr'><strong><em>ε’στασαν</em></strong></span> <span class='ocrx_word' id='word_1_49' title='bbox 1078 502 1124 544; x_wconf 81' lang='grc' dir='ltr'><strong><em>ἐν</em></strong></span> <span class='ocrx_word' id='word_1_50' title='bbox 1153 502 1420 557; x_wconf 80' lang='grc' dir='ltr'><strong><em>μεγάροισιν,</em></strong></span> 
     </span>
     <span class='ocr_line' id='line_1_9' title="bbox 248 557 1414 622; baseline -0.004 -15"><span class='ocrx_word' id='word_1_51' title='bbox 248 563 372 622; x_wconf 81' lang='grc' dir='ltr'><strong><em>ὄφρα</em></strong></span> <span class='ocrx_word' id='word_1_52' title='bbox 403 566 653 616; x_wconf 79' lang='grc' dir='ltr'><strong><em>φαείνοιεν’</em></strong></span> <span class='ocrx_word' id='word_1_53' title='bbox 684 561 781 612; x_wconf 85' lang='grc' dir='ltr'><strong><em>περὶ</em></strong></span> <span class='ocrx_word' id='word_1_54' title='bbox 812 558 857 600; x_wconf 82' lang='grc' dir='ltr'><strong><em>δὲ</em></strong></span> <span class='ocrx_word' id='word_1_55' title='bbox 888 557 996 609; x_wconf 80' lang='grc' dir='ltr'><strong><em>ξύλα</em></strong></span> <span class='ocrx_word' id='word_1_56' title='bbox 1025 557 1224 612; x_wconf 81' lang='grc' dir='ltr'><strong><em>κάγκανα</em></strong></span> <span class='ocrx_word' id='word_1_57' title='bbox 1253 563 1414 614; x_wconf 77' lang='grc' dir='ltr'><strong><em>θῆκαν,</em></strong></span> 
     </span>
     <span class='ocr_line' id='line_1_10' title="bbox 249 616 1381 670; baseline -0.006 -6"><span class='ocrx_word' id='word_1_58' title='bbox 249 623 340 664; x_wconf 86' lang='grc' dir='ltr'><strong><em>αύα</em></strong></span> <span class='ocrx_word' id='word_1_59' title='bbox 368 621 516 668; x_wconf 84' lang='grc' dir='ltr'><strong><em>πάλαι,</em></strong></span> <span class='ocrx_word' id='word_1_60' title='bbox 545 619 770 670; x_wconf 80' lang='grc' dir='ltr'><strong><em>περίκηλα,</em></strong></span> <span class='ocrx_word' id='word_1_61' title='bbox 799 616 902 657; x_wconf 78' lang='grc' dir='ltr'><strong><em>νέον</em></strong></span> <span class='ocrx_word' id='word_1_62' title='bbox 931 617 1194 669; x_wconf 80' lang='grc' dir='ltr'><strong><em>κεκεασμένα</em></strong></span> <span class='ocrx_word' id='word_1_63' title='bbox 1224 620 1381 670; x_wconf 77' lang='grc' dir='ltr'><strong><em>χαλκῷ,</em></strong></span> 
     </span>
    </p>

    <p class='ocr_par' dir='ltr' id='par_1_6' title="bbox 134 669 1427 842">
     <span class='ocr_line' id='line_1_11' title="bbox 134 669 1427 728; baseline -0.006 -5"><span class='ocrx_word' id='word_1_64' title='bbox 134 683 216 723; x_wconf 80' lang='lat'><strong><em>310</em></strong></span> <span class='ocrx_word' id='word_1_65' title='bbox 245 678 322 721; x_wconf 78' lang='grc' dir='ltr'><strong><em>καὶ</em></strong></span> <span class='ocrx_word' id='word_1_66' title='bbox 353 678 507 724; x_wconf 76' lang='grc' dir='ltr'><strong><em>δαΐδας</em></strong></span> <span class='ocrx_word' id='word_1_67' title='bbox 535 674 812 728; x_wconf 82' lang='grc' dir='ltr'><strong><em>μετέμισγον·</em></strong></span> <span class='ocrx_word' id='word_1_68' title='bbox 843 669 1075 726; x_wconf 82' lang='grc' dir='ltr'><strong><em>αμοιβηδὶς</em></strong></span> <span class='ocrx_word' id='word_1_69' title='bbox 1106 670 1147 713; x_wconf 86' lang='grc' dir='ltr'><strong><em>δ’</em></strong></span> <span class='ocrx_word' id='word_1_70' title='bbox 1183 670 1427 726; x_wconf 85' lang='grc' dir='ltr'><strong><em>ἀνέφαινον</em></strong></span> 
     </span>
     <span class='ocr_line' id='line_1_12' title="bbox 249 727 1406 788; baseline -0.006 -11"><span class='ocrx_word' id='word_1_71' title='bbox 249 734 391 788; x_wconf 89' lang='grc' dir='ltr'><strong><em>δμωαὶ</em></strong></span> <span class='ocrx_word' id='word_1_72' title='bbox 415 733 658 784; x_wconf 73' lang='grc' dir='ltr'><strong><em>Ὀδυσσῆος</em></strong></span> <span class='ocrx_word' id='word_1_73' title='bbox 686 729 1021 782; x_wconf 83' lang='grc' dir='ltr'><strong><em>ταλασίφρονος</em></strong></span> <span class='ocrx_word' id='word_1_74' title='bbox 1056 727 1195 780; x_wconf 69' lang='grc' dir='ltr'><strong><em>αὐτὰρ</em></strong></span> <span class='ocrx_word' id='word_1_75' title='bbox 1226 727 1248 771; x_wconf 96' lang='lat'><strong><em>6</em></strong></span> <span class='ocrx_word' id='word_1_76' title='bbox 1279 732 1406 783; x_wconf 74' lang='grc' dir='ltr'><strong><em>τῆσιν</em></strong></span> 
     </span>
     <span class='ocr_line' id='line_1_13' title="bbox 250 783 1357 842; baseline -0.007 -8"><span class='ocrx_word' id='word_1_77' title='bbox 250 789 383 840; x_wconf 84' lang='grc' dir='ltr'><strong><em>αὐτὸς</em></strong></span> <span class='ocrx_word' id='word_1_78' title='bbox 414 787 612 842; x_wconf 82' lang='grc' dir='ltr'><strong><em>διογενὴς</em></strong></span> <span class='ocrx_word' id='word_1_79' title='bbox 642 786 802 842; x_wconf 79' lang='grc' dir='ltr'><strong><em>μετέφη</em></strong></span> <span class='ocrx_word' id='word_1_80' title='bbox 837 784 1077 838; x_wconf 85' lang='grc' dir='ltr'><strong><em>πολύμητις</em></strong></span> <span class='ocrx_word' id='word_1_81' title='bbox 1103 783 1357 834; x_wconf 85' lang='grc' dir='ltr'><strong><em>Ὀδυσσεύς·</em></strong></span> 
     </span>
    </p>

    <p class='ocr_par' dir='ltr' id='par_1_7' title="bbox 248 840 1424 958">
     <span class='ocr_line' id='line_1_14' title="bbox 326 840 1424 914; baseline -0.004 -26"><span class='ocrx_word' id='word_1_82' title='bbox 326 845 515 899; x_wconf 78' lang='grc' dir='ltr'><strong><em>,,Λμωαὶ</em></strong></span> <span class='ocrx_word' id='word_1_83' title='bbox 547 843 796 896; x_wconf 81' lang='grc' dir='ltr'><strong><em>Ὀδυσσῆος,</em></strong></span> <span class='ocrx_word' id='word_1_84' title='bbox 819 842 909 914; x_wconf 79' lang='grc' dir='ltr'><strong><em>δην</em></strong></span> <span class='ocrx_word' id='word_1_85' title='bbox 939 842 1187 896; x_wconf 79' lang='grc' dir='ltr'><strong><em>οἰχομένοιο</em></strong></span> <span class='ocrx_word' id='word_1_86' title='bbox 1223 840 1424 893; x_wconf 78' lang='grc' dir='ltr'><strong><em>ἄνακτος,</em></strong></span> 
     </span>
     <span class='ocr_line' id='line_1_15' title="bbox 248 898 1296 958; baseline -0.006 -12"><span class='ocrx_word' id='word_1_87' title='bbox 248 902 424 958; x_wconf 83' lang='grc' dir='ltr'><strong><em>ε’ρχεσθε</em></strong></span> <span class='ocrx_word' id='word_1_88' title='bbox 454 900 566 953; x_wconf 86' lang='grc' dir='ltr'><strong><em>πρὸς</em></strong></span> <span class='ocrx_word' id='word_1_89' title='bbox 597 899 787 955; x_wconf 80' lang='grc' dir='ltr'><strong><em>δώμαθ’,</em></strong></span> <span class='ocrx_word' id='word_1_90' title='bbox 819 898 881 940; x_wconf 73' lang='grc' dir='ltr'><strong><em>ἶν’</em></strong></span> <span class='ocrx_word' id='word_1_91' title='bbox 912 899 1058 952; x_wconf 82' lang='grc' dir='ltr'><strong><em>αἰδοίη</em></strong></span> <span class='ocrx_word' id='word_1_92' title='bbox 1088 901 1296 953; x_wconf 80' lang='grc' dir='ltr'><strong><em>βασίλεια,</em></strong></span> 
     </span>
    </p>

    <p class='ocr_par' dir='ltr' id='par_1_8' title="bbox 133 951 1546 1074">
     <span class='ocr_line' id='line_1_16' title="bbox 133 951 1546 1027; baseline -0.006 -23"><span class='ocrx_word' id='word_1_93' title='bbox 133 963 216 1006; x_wconf 83' lang='lat'><strong><em>315</em></strong></span> <span class='ocrx_word' id='word_1_94' title='bbox 247 977 299 1014; x_wconf 84' lang='grc' dir='ltr'><strong><em>τη</em></strong></span> <span class='ocrx_word' id='word_1_95' title='bbox 331 959 377 1002; x_wconf 85' lang='grc' dir='ltr'><strong><em>δε</em></strong></span> <span class='ocrx_word' id='word_1_96' title='bbox 407 958 513 1012; x_wconf 90' lang='grc' dir='ltr'><strong><em>παρ’</em></strong></span> <span class='ocrx_word' id='word_1_97' title='bbox 541 956 748 1025; x_wconf 76' lang='grc' dir='ltr'><strong><em>ἠλάκατα</em></strong></span> <span class='ocrx_word' id='word_1_98' title='bbox 750 955 1084 1027; x_wconf 72' lang='grc' dir='ltr'><strong><em>στροφαλίζετε,</em></strong></span> <span class='ocrx_word' id='word_1_99' title='bbox 1115 954 1287 1008; x_wconf 80' lang='grc' dir='ltr'><strong><em>τέρπετε</em></strong></span> <span class='ocrx_word' id='word_1_100' title='bbox 1318 953 1360 999; x_wconf 83' lang='grc' dir='ltr'><strong><em>δ’</em></strong></span> <span class='ocrx_word' id='word_1_101' title='bbox 1395 951 1546 1010; x_wconf 80' lang='grc' dir='ltr'><strong><em>αὐτὴν,</em></strong></span> 
     </span>
     <span class='ocr_line' id='line_1_17' title="bbox 244 1011 1296 1074; baseline -0.008 -13"><span class='ocrx_word' id='word_1_102' title='bbox 244 1016 403 1074; x_wconf 82' lang='grc' dir='ltr'><strong><em>ἥμεναι</em></strong></span> <span class='ocrx_word' id='word_1_103' title='bbox 431 1016 480 1059; x_wconf 82' lang='grc' dir='ltr'><strong><em>ἐν</em></strong></span> <span class='ocrx_word' id='word_1_104' title='bbox 508 1012 698 1071; x_wconf 73' lang='grc' dir='ltr'><strong><em>μεγάρῳ,</em></strong></span> <span class='ocrx_word' id='word_1_105' title='bbox 729 1011 758 1069; x_wconf 77' lang='grc' dir='ltr'><strong><em>ἢ</em></strong></span> <span class='ocrx_word' id='word_1_106' title='bbox 787 1013 903 1066; x_wconf 86' lang='grc' dir='ltr'><strong><em>είρια</em></strong></span> <span class='ocrx_word' id='word_1_107' title='bbox 931 1021 1099 1054; x_wconf 71' lang='grc' dir='ltr'><strong><em>πείκετε</em></strong></span> <span class='ocrx_word' id='word_1_108' title='bbox 1128 1013 1296 1068; x_wconf 88' lang='grc' dir='ltr'><strong><em>χερσίν·</em></strong></span> 
     </span>
    </p>
   </div>
   <div class='ocr_carea' id='block_1_5' title="bbox 120 1171 613 1225">
    <p class='ocr_par' dir='ltr' id='par_1_9' title="bbox 120 1171 613 1225">
     <span class='ocr_line' id='line_1_18' title="bbox 120 1171 613 1225; baseline -0.021 -10"><span class='ocrx_word' id='word_1_109' title='bbox 120 1177 318 1225; x_wconf 79' lang='lat'>304-306.</span> <span class='ocrx_word' id='word_1_110' title='bbox 344 1173 392 1217; x_wconf 76' lang='grc' dir='ltr'><strong><em>α’,</em></strong></span> <span class='ocrx_word' id='word_1_111' title='bbox 416 1171 613 1209; x_wconf 73' lang='lat'><strong>421-423.</strong></span> 
     </span>
    </p>
   </div>
   <div class='ocr_carea' id='block_1_6' title="bbox 75 1237 892 2965">
    <p class='ocr_par' dir='ltr' id='par_1_10' title="bbox 75 1237 892 2965">
     <span class='ocr_line' id='line_1_19' title="bbox 120 1237 887 1300; baseline -0.015 -18"><span class='ocrx_word' id='word_1_112' title='bbox 120 1248 316 1283; x_wconf 83' lang='lat'><strong>307—310.</strong></span> <span class='ocrx_word' id='word_1_113' title='bbox 341 1245 442 1278; x_wconf 78' lang='lat' dir='ltr'><strong>Sch..</strong></span> <span class='ocrx_word' id='word_1_114' title='bbox 475 1239 757 1300; x_wconf 61' lang='grc' dir='ltr'><strong><em>λαμπτῆρας</em></strong></span> <span class='ocrx_word' id='word_1_115' title='bbox 781 1237 887 1281; x_wconf 76' lang='grc'><strong><em>(342,</em></strong></span> 
     </span>
     <span class='ocr_line' id='line_1_20' title="bbox 76 1282 889 1348; baseline -0.016 -19"><span class='ocrx_word' id='word_1_116' title='bbox 76 1291 120 1336; x_wconf 83' lang='grc' dir='ltr'><strong><em>τ’,</em></strong></span> <span class='ocrx_word' id='word_1_117' title='bbox 143 1295 216 1328; x_wconf 67' lang='grc'><strong><em>63).</em></strong></span> <span class='ocrx_word' id='word_1_118' title='bbox 249 1291 454 1348; x_wconf 79' lang='grc' dir='ltr'><strong><em>μετεώρους</em></strong></span> <span class='ocrx_word' id='word_1_119' title='bbox 477 1287 645 1331; x_wconf 76' lang='grc' dir='ltr'><strong><em>ἐσχάρας,</em></strong></span> <span class='ocrx_word' id='word_1_120' title='bbox 668 1282 690 1329; x_wconf 74' lang='grc' dir='ltr'>ἢ</span> <span class='ocrx_word' id='word_1_121' title='bbox 716 1297 804 1324; x_wconf 81' lang='grc' dir='ltr'><strong><em>τους</em></strong></span> <span class='ocrx_word' id='word_1_122' title='bbox 825 1296 889 1327; x_wconf 78' lang='grc' dir='ltr'><strong><em>χυ·</em></strong></span> 
     </span>
     <span class='ocr_line' id='line_1_21' title="bbox 75 1331 891 1383; baseline -0.016 -9"><span class='ocrx_word' id='word_1_123' title='bbox 75 1340 275 1383; x_wconf 80' lang='grc' dir='ltr'><strong><em>τρόποδας,</em></strong></span> <span class='ocrx_word' id='word_1_124' title='bbox 302 1337 348 1380; x_wconf 75' lang='grc' dir='ltr'><strong><em>ἐφ</em></strong></span> <span class='ocrx_word' id='word_1_125' title='bbox 396 1339 448 1370; x_wconf 81' lang='grc' dir='ltr'><strong><em>ὠν</em></strong></span> <span class='ocrx_word' id='word_1_126' title='bbox 474 1334 608 1370; x_wconf 74' lang='grc' dir='ltr'><strong><em>ἔκαιον.</em></strong></span> <span class='ocrx_word' id='word_1_127' title='bbox 632 1331 788 1365; x_wconf 75' lang='lat' dir='ltr'><strong>similiter</strong></span> <span class='ocrx_word' id='word_1_128' title='bbox 809 1333 891 1364; x_wconf 88' lang='lat' dir='ltr'><strong>Am·-</strong></span> 
     </span>
     <span class='ocr_line' id='line_1_22' title="bbox 77 1376 889 1441; baseline -0.014 -21"><span class='ocrx_word' id='word_1_129' title='bbox 77 1387 240 1421; x_wconf 73' lang='lat' dir='ltr'><strong>bresiani.</strong></span> <span class='ocrx_word' id='word_1_130' title='bbox 281 1383 456 1441; x_wconf 50' lang='grc' dir='ltr'><strong><em>Ηεεγοὴα</em></strong></span> <span class='ocrx_word' id='word_1_131' title='bbox 508 1377 687 1423; x_wconf 83' lang='grc' dir='ltr'><strong><em>λαμπτήρ.</em></strong></span> <span class='ocrx_word' id='word_1_132' title='bbox 741 1376 889 1421; x_wconf 88' lang='grc' dir='ltr'><strong><em>εσχαρα,</em></strong></span> 
     </span>
     <span class='ocr_line' id='line_1_23' title="bbox 79 1423 891 1475; baseline -0.016 -7"><span class='ocrx_word' id='word_1_133' title='bbox 79 1430 146 1471; x_wconf 77' lang='grc' dir='ltr'><strong><em>ἐφ’</em></strong></span> <span class='ocrx_word' id='word_1_134' title='bbox 171 1428 215 1475; x_wconf 80' lang='grc' dir='ltr'><strong><em>ἧς</em></strong></span> <span class='ocrx_word' id='word_1_135' title='bbox 240 1430 366 1466; x_wconf 83' lang='grc' dir='ltr'><strong><em>ἐ’καιον</em></strong></span> <span class='ocrx_word' id='word_1_136' title='bbox 395 1442 433 1464; x_wconf 87' lang='grc' dir='ltr'><strong><em>εν</em></strong></span> <span class='ocrx_word' id='word_1_137' title='bbox 456 1426 553 1472; x_wconf 84' lang='grc' dir='ltr'><strong><em>με’σω</em></strong></span> <span class='ocrx_word' id='word_1_138' title='bbox 578 1425 653 1461; x_wconf 71' lang='grc' dir='ltr'><strong><em>τῶν</em></strong></span> <span class='ocrx_word' id='word_1_139' title='bbox 678 1424 806 1464; x_wconf 79' lang='grc' dir='ltr'><strong><em>οἴκων,</em></strong></span> <span class='ocrx_word' id='word_1_140' title='bbox 838 1423 891 1463; x_wconf 83' lang='grc' dir='ltr'><strong><em>εἰς</em></strong></span> 
     </span>
     <span class='ocr_line' id='line_1_24' title="bbox 77 1469 891 1524; baseline -0.016 -9"><span class='ocrx_word' id='word_1_141' title='bbox 77 1478 120 1515; x_wconf 81' lang='grc' dir='ltr'><strong><em>τὸ</em></strong></span> <span class='ocrx_word' id='word_1_142' title='bbox 145 1481 316 1524; x_wconf 83' lang='grc' dir='ltr'><strong><em>φωτιζειν</em></strong></span> <span class='ocrx_word' id='word_1_143' title='bbox 341 1474 487 1515; x_wconf 78' lang='grc' dir='ltr'><strong><em>αὐτοῖς,</em></strong></span> <span class='ocrx_word' id='word_1_144' title='bbox 522 1471 615 1517; x_wconf 74' lang='grc' dir='ltr'><strong><em>ξηρὰ</em></strong></span> <span class='ocrx_word' id='word_1_145' title='bbox 640 1470 731 1514; x_wconf 81' lang='grc' dir='ltr'><strong><em>ξύλα</em></strong></span> <span class='ocrx_word' id='word_1_146' title='bbox 763 1483 795 1505; x_wconf 78' lang='grc' dir='ltr'><strong><em>κ.</em></strong></span> <span class='ocrx_word' id='word_1_147' title='bbox 821 1469 891 1503; x_wconf 73' lang='grc' dir='ltr'><strong><em>δοξ-</em></strong></span> 
     </span>
     <span class='ocr_line' id='line_1_25' title="bbox 77 1513 890 1575; baseline -0.015 -14"><span class='ocrx_word' id='word_1_148' title='bbox 77 1528 153 1562; x_wconf 88' lang='grc' dir='ltr'><strong><em>δια.</em></strong></span> <span class='ocrx_word' id='word_1_149' title='bbox 201 1527 379 1558; x_wconf 82' lang='lat' dir='ltr'><strong>Ammon.-</strong></span> <span class='ocrx_word' id='word_1_150' title='bbox 410 1521 614 1575; x_wconf 84' lang='grc' dir='ltr'><strong><em>λυχνοῦχον</em></strong></span> <span class='ocrx_word' id='word_1_151' title='bbox 638 1532 669 1554; x_wconf 86' lang='grc' dir='ltr'><strong><em>κ.</em></strong></span> <span class='ocrx_word' id='word_1_152' title='bbox 693 1513 890 1560; x_wconf 72' lang='grc' dir='ltr'><strong><em>λαμπτῆροὶ</em></strong></span> 
     </span>
     <span class='ocr_line' id='line_1_26' title="bbox 78 1561 890 1617; baseline -0.015 -10"><span class='ocrx_word' id='word_1_153' title='bbox 78 1584 171 1617; x_wconf 86' lang='grc' dir='ltr'><strong><em>φασι</em></strong></span> <span class='ocrx_word' id='word_1_154' title='bbox 206 1568 272 1605; x_wconf 76' lang='grc' dir='ltr'><strong><em>τὸν</em></strong></span> <span class='ocrx_word' id='word_1_155' title='bbox 303 1571 374 1605; x_wconf 86' lang='grc' dir='ltr'><strong><em>νῦν</em></strong></span> <span class='ocrx_word' id='word_1_156' title='bbox 409 1566 552 1612; x_wconf 84' lang='grc' dir='ltr'><strong><em>φανόν·</em></strong></span> <span class='ocrx_word' id='word_1_157' title='bbox 589 1562 713 1607; x_wconf 87' lang='grc' dir='ltr'><strong><em>φανὸν</em></strong></span> <span class='ocrx_word' id='word_1_158' title='bbox 747 1561 787 1597; x_wconf 83' lang='grc' dir='ltr'><strong><em>δε</em></strong></span> <span class='ocrx_word' id='word_1_159' title='bbox 823 1561 890 1607; x_wconf 80' lang='grc' dir='ltr'><strong><em>τήν</em></strong></span> 
     </span>
     <span class='ocr_line' id='line_1_27' title="bbox 76 1609 890 1663; baseline -0.015 -9"><span class='ocrx_word' id='word_1_160' title='bbox 76 1617 276 1663; x_wconf 72' lang='grc' dir='ltr'><strong><em>λαμπάδα,</em></strong></span> <span class='ocrx_word' id='word_1_161' title='bbox 305 1624 372 1650; x_wconf 82' lang='lat' dir='ltr'><strong>etc.</strong></span> <span class='ocrx_word' id='word_1_162' title='bbox 405 1627 439 1649; x_wconf 85' lang='lat' dir='ltr'><strong><em>v.</em></strong></span> <span class='ocrx_word' id='word_1_163' title='bbox 469 1614 518 1647; x_wconf 80' lang='lat' dir='ltr'><strong><em>ibi</em></strong></span> <span class='ocrx_word' id='word_1_164' title='bbox 545 1612 666 1648; x_wconf 66' lang='lat' dir='ltr'><strong><em>Vahk.</em></strong></span> <span class='ocrx_word' id='word_1_165' title='bbox 693 1623 726 1655; x_wconf 91' lang='lat' dir='ltr'><strong><em>p.</em></strong></span> <span class='ocrx_word' id='word_1_166' title='bbox 752 1609 828 1644; x_wconf 88' lang='lat'>146.</span> <span class='ocrx_word' id='word_1_167' title='bbox 854 1612 890 1642; x_wconf 81' lang='lat' dir='ltr'><strong><em>et</em></strong></span> 
     </span>
     <span class='ocr_line' id='line_1_28' title="bbox 76 1633 890 1734; baseline -0.016 -33"><span class='ocrx_word' id='word_1_168' title='bbox 76 1633 146 1701; x_wconf 76' lang='grc' dir='ltr'><strong><em>47μ</em></strong></span> <span class='ocrx_word' id='word_1_169' title='bbox 158 1665 211 1698; x_wconf 83' lang='lat' dir='ltr'><strong><em>E:</em></strong></span> <span class='ocrx_word' id='word_1_170' title='bbox 238 1662 359 1699; x_wconf 79' lang='grc' dir='ltr'><strong><em>ἰστέον</em></strong></span> <span class='ocrx_word' id='word_1_171' title='bbox 385 1659 436 1700; x_wconf 85' lang='grc' dir='ltr'><strong><em>δε,</em></strong></span> <span class='ocrx_word' id='word_1_172' title='bbox 468 1657 526 1694; x_wconf 80' lang='grc' dir='ltr'><strong><em>ὅτι</em></strong></span> <span class='ocrx_word' id='word_1_173' title='bbox 550 1657 783 1734; x_wconf 52' lang='grc' dir='ltr'><strong><em>λαμπτῆραςι</em></strong></span> <span class='ocrx_word' id='word_1_174' title='bbox 785 1654 890 1698; x_wconf 77' lang='grc' dir='ltr'><strong><em>λέγει,</em></strong></span> 
     </span>
     <span class='ocr_line' id='line_1_29' title="bbox 79 1702 891 1754; baseline -0.016 -7"><span class='ocrx_word' id='word_1_175' title='bbox 79 1725 124 1753; x_wconf 87' lang='grc' dir='ltr'><strong><em>ας</em></strong></span> <span class='ocrx_word' id='word_1_176' title='bbox 159 1711 229 1745; x_wconf 78' lang='grc' dir='ltr'><strong><em>νῦν</em></strong></span> <span class='ocrx_word' id='word_1_177' title='bbox 262 1709 300 1745; x_wconf 80' lang='grc' dir='ltr'><strong><em>οἱ</em></strong></span> <span class='ocrx_word' id='word_1_178' title='bbox 331 1707 367 1743; x_wconf 88' lang='grc' dir='ltr'><strong><em>α’</em></strong></span> <span class='ocrx_word' id='word_1_179' title='bbox 359 1707 521 1754; x_wconf 60' lang='grc' dir='ltr'><strong><em>[ροτικοὶ</em></strong></span> <span class='ocrx_word' id='word_1_180' title='bbox 550 1705 699 1748; x_wconf 84' lang='grc' dir='ltr'><strong><em>λυχνίας</em></strong></span> <span class='ocrx_word' id='word_1_181' title='bbox 732 1707 744 1746; x_wconf 88' lang='grc'>(</span> <span class='ocrx_word' id='word_1_182' title='bbox 756 1702 891 1735; x_wconf 84' lang='lat' dir='ltr'><em>Leuch-</em></span> 
     </span>
     <span class='ocr_line' id='line_1_30' title="bbox 76 1735 891 1805; baseline -0.016 -11"><span class='ocrx_word' id='word_1_183' title='bbox 76 1759 263 1799; x_wconf 74' lang='lat' dir='ltr'><strong><em>terstilltle,</em></strong></span> <span class='ocrx_word' id='word_1_184' title='bbox 299 1735 503 1798; x_wconf 79' lang='lat' dir='ltr'><strong>francogall.</strong></span> <span class='ocrx_word' id='word_1_185' title='bbox 537 1750 739 1805; x_wconf 75' lang='lat' dir='ltr'><strong><em>gueridons)</em></strong></span> <span class='ocrx_word' id='word_1_186' title='bbox 766 1748 891 1791; x_wconf 77' lang='grc' dir='ltr'><strong><em>φασὶι,</em></strong></span> 
     </span>
     <span class='ocr_line' id='line_1_31' title="bbox 77 1795 891 1858; baseline -0.017 -17"><span class='ocrx_word' id='word_1_187' title='bbox 77 1803 141 1849; x_wconf 74' lang='grc' dir='ltr'><strong><em>ἐφ’</em></strong></span> <span class='ocrx_word' id='word_1_188' title='bbox 177 1806 228 1838; x_wconf 86' lang='grc' dir='ltr'><strong><em>ὠν</em></strong></span> <span class='ocrx_word' id='word_1_189' title='bbox 271 1803 384 1858; x_wconf 75' lang='grc' dir='ltr'><strong><em>δᾷδες</em></strong></span> <span class='ocrx_word' id='word_1_190' title='bbox 421 1801 585 1843; x_wconf 80' lang='grc' dir='ltr'><strong><em>κείμεναι</em></strong></span> <span class='ocrx_word' id='word_1_191' title='bbox 623 1795 718 1832; x_wconf 82' lang='grc' dir='ltr'><strong><em>κατὰ</em></strong></span> <span class='ocrx_word' id='word_1_192' title='bbox 749 1795 891 1836; x_wconf 82' lang='grc' dir='ltr'><strong><em>δόρπον</em></strong></span> 
     </span>
     <span class='ocr_line' id='line_1_32' title="bbox 78 1839 891 1890; baseline -0.017 -3"><span class='ocrx_word' id='word_1_193' title='bbox 78 1850 324 1890; x_wconf 72' lang='grc' dir='ltr'><strong><em>ἀνάπτονται,</em></strong></span> <span class='ocrx_word' id='word_1_194' title='bbox 351 1845 374 1889; x_wconf 78' lang='grc' dir='ltr'><em>ἢ</em></span> <span class='ocrx_word' id='word_1_195' title='bbox 402 1846 492 1890; x_wconf 79' lang='grc' dir='ltr'><strong><em>ξύλα</em></strong></span> <span class='ocrx_word' id='word_1_196' title='bbox 523 1840 616 1889; x_wconf 81' lang='grc' dir='ltr'><strong><em>ξηρα</em></strong></span> <span class='ocrx_word' id='word_1_197' title='bbox 640 1841 704 1878; x_wconf 78' lang='grc' dir='ltr'><strong><em>διὰ</em></strong></span> <span class='ocrx_word' id='word_1_198' title='bbox 729 1840 772 1876; x_wconf 85' lang='grc' dir='ltr'><strong><em>τὸ</em></strong></span> <span class='ocrx_word' id='word_1_199' title='bbox 801 1839 891 1875; x_wconf 80' lang='grc' dir='ltr'><strong><em>ἄκα-</em></strong></span> 
     </span>
     <span class='ocr_line' id='line_1_33' title="bbox 76 1887 891 1942; baseline -0.016 -9"><span class='ocrx_word' id='word_1_200' title='bbox 76 1911 186 1939; x_wconf 81' lang='grc' dir='ltr'><strong><em>πνον,</em></strong></span> <span class='ocrx_word' id='word_1_201' title='bbox 209 1893 234 1942; x_wconf 79' lang='grc' dir='ltr'><em>ἢ</em></span> <span class='ocrx_word' id='word_1_202' title='bbox 257 1896 317 1931; x_wconf 80' lang='grc' dir='ltr'><strong><em>καὶ</em></strong></span> <span class='ocrx_word' id='word_1_203' title='bbox 345 1892 459 1938; x_wconf 80' lang='grc' dir='ltr'><strong><em>ἄμφω</em></strong></span> <span class='ocrx_word' id='word_1_204' title='bbox 484 1890 639 1934; x_wconf 81' lang='grc' dir='ltr'><strong><em>αναμὶξ,</em></strong></span> <span class='ocrx_word' id='word_1_205' title='bbox 667 1887 716 1928; x_wconf 78' lang='grc' dir='ltr'><strong><em>ὦς</em></strong></span> <span class='ocrx_word' id='word_1_206' title='bbox 739 1887 801 1922; x_wconf 81' lang='grc' dir='ltr'><strong><em>καὶ</em></strong></span> <span class='ocrx_word' id='word_1_207' title='bbox 829 1887 891 1921; x_wconf 77' lang='grc' dir='ltr'><strong><em>ε’ν-</em></strong></span> 
     </span>
     <span class='ocr_line' id='line_1_34' title="bbox 76 1938 891 1998; baseline -0.017 -18"><span class='ocrx_word' id='word_1_208' title='bbox 76 1946 206 1980; x_wconf 81' lang='grc' dir='ltr'><strong><em>ταῦθα</em></strong></span> <span class='ocrx_word' id='word_1_209' title='bbox 230 1944 369 1998; x_wconf 84' lang='grc' dir='ltr'><strong><em>γίνεται</em></strong></span> <span class='ocrx_word' id='word_1_210' title='bbox 392 1953 495 1984; x_wconf 82' lang='grc' dir='ltr'><strong><em>παρα</em></strong></span> <span class='ocrx_word' id='word_1_211' title='bbox 513 1942 591 1978; x_wconf 85' lang='grc' dir='ltr'><strong><em>τοῖς</em></strong></span> <span class='ocrx_word' id='word_1_212' title='bbox 606 1938 786 1996; x_wconf 83' lang='grc' dir='ltr'><strong><em>λαμπροῖς</em></strong></span> <span class='ocrx_word' id='word_1_213' title='bbox 799 1946 891 1991; x_wconf 77' lang='grc' dir='ltr'><strong><em>μνη-</em></strong></span> 
     </span>
     <span class='ocr_line' id='line_1_35' title="bbox 78 1979 890 2035; baseline -0.017 -8"><span class='ocrx_word' id='word_1_214' title='bbox 78 1992 226 2035; x_wconf 83' lang='grc' dir='ltr'><strong><em>στῆρσι,</em></strong></span> <span class='ocrx_word' id='word_1_215' title='bbox 257 2002 352 2024; x_wconf 81' lang='grc' dir='ltr'><strong><em>κατα</em></strong></span> <span class='ocrx_word' id='word_1_216' title='bbox 375 1984 539 2031; x_wconf 75' lang='grc' dir='ltr'><strong><em>ἡρωικὴν</em></strong></span> <span class='ocrx_word' id='word_1_217' title='bbox 563 1984 624 2018; x_wconf 86' lang='grc' dir='ltr'><strong><em>καὶ</em></strong></span> <span class='ocrx_word' id='word_1_218' title='bbox 654 1984 767 2016; x_wconf 86' lang='grc' dir='ltr'><strong><em>τοῦτο</em></strong></span> <span class='ocrx_word' id='word_1_219' title='bbox 793 1979 890 2023; x_wconf 76' lang='grc' dir='ltr'><em>ἀφέ-</em></span> 
     </span>
     <span class='ocr_line' id='line_1_36' title="bbox 77 2026 891 2081; baseline -0.018 -7"><span class='ocrx_word' id='word_1_220' title='bbox 77 2042 179 2074; x_wconf 86' lang='grc' dir='ltr'><strong><em>λειαν</em></strong></span> <span class='ocrx_word' id='word_1_221' title='bbox 224 2037 276 2075; x_wconf 84' lang='grc' dir='ltr'><strong><em>εἰς</em></strong></span> <span class='ocrx_word' id='word_1_222' title='bbox 314 2030 335 2071; x_wconf 92' lang='lat'><strong><em>6</em></strong></span> <span class='ocrx_word' id='word_1_223' title='bbox 370 2033 431 2068; x_wconf 81' lang='grc' dir='ltr'><strong><em>καὶ</em></strong></span> <span class='ocrx_word' id='word_1_224' title='bbox 463 2031 625 2076; x_wconf 84' lang='grc' dir='ltr'><strong><em>δμωίδες</em></strong></span> <span class='ocrx_word' id='word_1_225' title='bbox 657 2026 891 2081; x_wconf 79' lang='grc' dir='ltr'><strong><em>ὑπουργοῦσι</em></strong></span> 
     </span>
     <span class='ocr_line' id='line_1_37' title="bbox 77 2069 890 2124; baseline -0.016 -5"><span class='ocrx_word' id='word_1_226' title='bbox 77 2098 173 2120; x_wconf 80' lang='grc' dir='ltr'><strong><em>κατα</em></strong></span> <span class='ocrx_word' id='word_1_227' title='bbox 201 2081 291 2122; x_wconf 78' lang='grc' dir='ltr'><strong><em>ε’θος</em></strong></span> <span class='ocrx_word' id='word_1_228' title='bbox 319 2077 486 2124; x_wconf 78' lang='grc' dir='ltr'><strong><em>οἷρχαῖον.</em></strong></span> <span class='ocrx_word' id='word_1_229' title='bbox 527 2079 642 2121; x_wconf 81' lang='grc' dir='ltr'><strong><em>δῆλον</em></strong></span> <span class='ocrx_word' id='word_1_230' title='bbox 666 2073 730 2116; x_wconf 84' lang='grc' dir='ltr'><strong><em>δε,</em></strong></span> <span class='ocrx_word' id='word_1_231' title='bbox 766 2073 822 2109; x_wconf 81' lang='grc' dir='ltr'><strong><em>ὅτι</em></strong></span> <span class='ocrx_word' id='word_1_232' title='bbox 847 2069 890 2106; x_wconf 79' lang='grc' dir='ltr'><strong><em>ἆ-</em></strong></span> 
     </span>
     <span class='ocr_line' id='line_1_38' title="bbox 77 2117 890 2176; baseline -0.018 -9"><span class='ocrx_word' id='word_1_233' title='bbox 77 2129 255 2176; x_wconf 82' lang='grc' dir='ltr'><strong><em>βρότερον</em></strong></span> <span class='ocrx_word' id='word_1_234' title='bbox 279 2127 314 2163; x_wconf 73' lang='grc' dir='ltr'><strong><em>οἱ</em></strong></span> <span class='ocrx_word' id='word_1_235' title='bbox 338 2125 551 2168; x_wconf 85' lang='grc' dir='ltr'><strong><em>επιδόρπιοι</em></strong></span> <span class='ocrx_word' id='word_1_236' title='bbox 575 2121 783 2166; x_wconf 83' lang='grc' dir='ltr'><strong><em>λαμπτῆρες</em></strong></span> <span class='ocrx_word' id='word_1_237' title='bbox 807 2117 890 2154; x_wconf 78' lang='grc' dir='ltr'><strong><em>διά-</em></strong></span> 
     </span>
     <span class='ocr_line' id='line_1_39' title="bbox 76 2166 889 2221; baseline -0.017 -9"><span class='ocrx_word' id='word_1_238' title='bbox 76 2190 217 2212; x_wconf 86' lang='grc' dir='ltr'><strong><em>κεινται</em></strong></span> <span class='ocrx_word' id='word_1_239' title='bbox 248 2172 351 2218; x_wconf 76' lang='grc' dir='ltr'><strong><em>παρὰ</em></strong></span> <span class='ocrx_word' id='word_1_240' title='bbox 386 2172 519 2214; x_wconf 79' lang='grc' dir='ltr'><strong><em>Φαίαξι</em></strong></span> <span class='ocrx_word' id='word_1_241' title='bbox 554 2168 626 2212; x_wconf 85' lang='grc' dir='ltr'><strong><em>(η’,</em></strong></span> <span class='ocrx_word' id='word_1_242' title='bbox 661 2166 889 2221; x_wconf 67' lang='lat' dir='ltr'>loo—102),</span> 
     </span>
     <span class='ocr_line' id='line_1_40' title="bbox 76 2208 890 2272; baseline -0.018 -13"><span class='ocrx_word' id='word_1_243' title='bbox 76 2221 170 2269; x_wconf 84' lang='grc' dir='ltr'><strong><em>παρ’</em></strong></span> <span class='ocrx_word' id='word_1_244' title='bbox 205 2220 261 2262; x_wconf 76' lang='grc' dir='ltr'><strong><em>οἷς</em></strong></span> <span class='ocrx_word' id='word_1_245' title='bbox 292 2221 328 2256; x_wconf 81' lang='grc' dir='ltr'><strong><em>οἱ</em></strong></span> <span class='ocrx_word' id='word_1_246' title='bbox 352 2233 419 2263; x_wconf 87' lang='grc' dir='ltr'><strong><em>μεν</em></strong></span> <span class='ocrx_word' id='word_1_247' title='bbox 443 2216 598 2272; x_wconf 84' lang='grc' dir='ltr'><strong><em>δομητοὶ</em></strong></span> <span class='ocrx_word' id='word_1_248' title='bbox 623 2213 772 2271; x_wconf 85' lang='grc' dir='ltr'><strong><em>βωμοὶ</em></strong></span> <span class='ocrx_word' id='word_1_249' title='bbox 806 2208 890 2246; x_wconf 81' lang='grc' dir='ltr'><strong><em>αντὶ</em></strong></span> 
     </span>
     <span class='ocr_line' id='line_1_41' title="bbox 77 2256 888 2323; baseline -0.017 -18"><span class='ocrx_word' id='word_1_250' title='bbox 77 2269 310 2323; x_wconf 84' lang='grc' dir='ltr'><strong><em>λαμπτήρων</em></strong></span> <span class='ocrx_word' id='word_1_251' title='bbox 317 2264 609 2319; x_wconf 79' lang='grc' dir='ltr'><strong><em>κεχαλκευμένων</em></strong></span> <span class='ocrx_word' id='word_1_252' title='bbox 622 2261 728 2301; x_wconf 70' lang='grc' dir='ltr'><strong><em>εἰσιν,</em></strong></span> <span class='ocrx_word' id='word_1_253' title='bbox 747 2258 829 2294; x_wconf 70' lang='grc' dir='ltr'><strong><em>ἀντὶ</em></strong></span> <span class='ocrx_word' id='word_1_254' title='bbox 848 2256 888 2292; x_wconf 82' lang='grc' dir='ltr'><strong><em>δὲ</em></strong></span> 
     </span>
     <span class='ocr_line' id='line_1_42' title="bbox 79 2307 888 2366; baseline -0.019 -13"><span class='ocrx_word' id='word_1_255' title='bbox 79 2317 256 2361; x_wconf 81' lang='grc' dir='ltr'><strong><em>δμωίδων</em></strong></span> <span class='ocrx_word' id='word_1_256' title='bbox 276 2314 311 2349; x_wconf 83' lang='grc' dir='ltr'><strong><em>οὶ</em></strong></span> <span class='ocrx_word' id='word_1_257' title='bbox 326 2312 502 2357; x_wconf 83' lang='grc' dir='ltr'><strong><em>χωνευτοὶ</em></strong></span> <span class='ocrx_word' id='word_1_258' title='bbox 520 2308 686 2366; x_wconf 82' lang='grc' dir='ltr'><strong><em>χρύσειοι</em></strong></span> <span class='ocrx_word' id='word_1_259' title='bbox 703 2307 786 2341; x_wconf 82' lang='grc' dir='ltr'><strong><em>κοῦ</em></strong></span> <span class='ocrx_word' id='word_1_260' title='bbox 797 2319 816 2349; x_wconf 88' lang='grc' dir='ltr'><strong><em>ρ</em></strong></span> <span class='ocrx_word' id='word_1_261' title='bbox 829 2318 848 2339; x_wconf 95' lang='grc' dir='ltr'><strong><em>ο</em></strong></span> <span class='ocrx_word' id='word_1_262' title='bbox 862 2317 888 2346; x_wconf 91' lang='grc' dir='ltr'><strong><em>ι,</em></strong></span> 
     </span>
     <span class='ocr_line' id='line_1_43' title="bbox 79 2354 888 2410; baseline -0.019 -11"><span class='ocrx_word' id='word_1_263' title='bbox 79 2364 258 2402; x_wconf 81' lang='grc' dir='ltr'><strong><em>δαΐδας</em></strong></span> <span class='ocrx_word' id='word_1_264' title='bbox 281 2359 395 2404; x_wconf 79' lang='grc' dir='ltr'><strong><em>μετὰ</em></strong></span> <span class='ocrx_word' id='word_1_265' title='bbox 420 2357 588 2410; x_wconf 83' lang='grc' dir='ltr'><strong><em>χερσὶν</em></strong></span> <span class='ocrx_word' id='word_1_266' title='bbox 606 2354 819 2398; x_wconf 83' lang='grc' dir='ltr'><strong><em>ε’χοντες,</em></strong></span> <span class='ocrx_word' id='word_1_267' title='bbox 855 2364 888 2385; x_wconf 89' lang='grc' dir='ltr'><strong><em>κ.</em></strong></span> 
     </span>
     <span class='ocr_line' id='line_1_44' title="bbox 80 2401 890 2461; baseline -0.019 -15"><span class='ocrx_word' id='word_1_268' title='bbox 80 2411 361 2460; x_wconf 81' lang='grc' dir='ltr'><strong><em>φαίνοντες,</em></strong></span> <span class='ocrx_word' id='word_1_269' title='bbox 370 2406 461 2461; x_wconf 72' lang='grc' dir='ltr'><strong><em>ὅπερ</em></strong></span> <span class='ocrx_word' id='word_1_270' title='bbox 479 2402 646 2439; x_wconf 82' lang='grc' dir='ltr'><strong><em>ἐνταῦθα</em></strong></span> <span class='ocrx_word' id='word_1_271' title='bbox 663 2401 890 2456; x_wconf 57' lang='lat' dir='ltr'><em>‹poeeiystv</em></span> 
     </span>
     <span class='ocr_line' id='line_1_45' title="bbox 77 2438 888 2504; baseline -0.016 -13"><span class='ocrx_word' id='word_1_272' title='bbox 77 2461 216 2496; x_wconf 85' lang='grc' dir='ltr'><strong><em>κεῖται,</em></strong></span> <span class='ocrx_word' id='word_1_273' title='bbox 250 2466 388 2489; x_wconf 85' lang='grc' dir='ltr'><strong><em>ταυτον</em></strong></span> <span class='ocrx_word' id='word_1_274' title='bbox 420 2448 462 2485; x_wconf 75' lang='grc' dir='ltr'><strong><em>ὃν</em></strong></span> <span class='ocrx_word' id='word_1_275' title='bbox 495 2449 547 2494; x_wconf 68' lang='grc' dir='ltr'><strong><em>τῷ</em></strong></span> <span class='ocrx_word' id='word_1_276' title='bbox 569 2447 762 2504; x_wconf 84' lang='grc' dir='ltr'><strong><em>λαμπειν,</em></strong></span> <span class='ocrx_word' id='word_1_277' title='bbox 774 2443 829 2497; x_wconf 79' lang='grc' dir='ltr'><strong><em>ἐξ</em></strong></span> <span class='ocrx_word' id='word_1_278' title='bbox 843 2438 888 2478; x_wconf 77' lang='grc' dir='ltr'><strong><em>οὗ</em></strong></span> 
     </span>
     <span class='ocr_line' id='line_1_46' title="bbox 79 2484 888 2545; baseline -0.017 -7"><span class='ocrx_word' id='word_1_279' title='bbox 79 2517 116 2538; x_wconf 90' lang='grc' dir='ltr'><strong><em>οι</em></strong></span> <span class='ocrx_word' id='word_1_280' title='bbox 139 2502 357 2545; x_wconf 81' lang='grc' dir='ltr'><strong><em>λαμπτῆρες.</em></strong></span> <span class='ocrx_word' id='word_1_281' title='bbox 402 2498 437 2533; x_wconf 75' lang='grc' dir='ltr'><strong><em>οἱ</em></strong></span> <span class='ocrx_word' id='word_1_282' title='bbox 461 2494 501 2532; x_wconf 86' lang='grc' dir='ltr'><strong><em>δε</em></strong></span> <span class='ocrx_word' id='word_1_283' title='bbox 522 2484 676 2530; x_wconf 86' lang='grc' dir='ltr'><strong><em>παλαιοὶ</em></strong></span> <span class='ocrx_word' id='word_1_284' title='bbox 704 2491 764 2528; x_wconf 82' lang='grc' dir='ltr'><strong><em>καὶ</em></strong></span> <span class='ocrx_word' id='word_1_285' title='bbox 791 2487 888 2526; x_wconf 77' lang='grc' dir='ltr'><strong><em>οὕτω</em></strong></span> 
     </span>
     <span class='ocr_line' id='line_1_47' title="bbox 79 2536 889 2602; baseline -0.019 -17"><span class='ocrx_word' id='word_1_286' title='bbox 79 2550 192 2589; x_wconf 87' lang='grc' dir='ltr'><strong><em>φασί·</em></strong></span> <span class='ocrx_word' id='word_1_287' title='bbox 235 2546 481 2602; x_wconf 81' lang='grc' dir='ltr'><strong><em>λαμπτῆρες,</em></strong></span> <span class='ocrx_word' id='word_1_288' title='bbox 510 2540 658 2598; x_wconf 77' lang='grc' dir='ltr'><strong><em>ἐσχάραι</em></strong></span> <span class='ocrx_word' id='word_1_289' title='bbox 701 2536 889 2591; x_wconf 84' lang='grc' dir='ltr'><strong><em>μετέωροι,</em></strong></span> 
     </span>
     <span class='ocr_line' id='line_1_48' title="bbox 78 2581 889 2650; baseline -0.017 -19"><span class='ocrx_word' id='word_1_290' title='bbox 78 2593 104 2638; x_wconf 76' lang='grc' dir='ltr'><em>ἢ</em></span> <span class='ocrx_word' id='word_1_291' title='bbox 128 2593 375 2650; x_wconf 83' lang='grc' dir='ltr'><strong><em>χυτρόποδες,</em></strong></span> <span class='ocrx_word' id='word_1_292' title='bbox 413 2587 481 2631; x_wconf 76' lang='grc' dir='ltr'><strong><em>ἐφ’</em></strong></span> <span class='ocrx_word' id='word_1_293' title='bbox 506 2602 557 2622; x_wconf 90' lang='grc' dir='ltr'><strong><em>ων</em></strong></span> <span class='ocrx_word' id='word_1_294' title='bbox 591 2587 730 2621; x_wconf 69' lang='lat' dir='ltr'><strong><em>{nonov-</em></strong></span> <span class='ocrx_word' id='word_1_295' title='bbox 770 2581 889 2627; x_wconf 83' lang='grc' dir='ltr'><strong><em>ξυλα</em></strong></span> 
     </span>
     <span class='ocr_line' id='line_1_49' title="bbox 80 2628 889 2684; baseline -0.019 -7"><span class='ocrx_word' id='word_1_296' title='bbox 80 2639 121 2677; x_wconf 89' lang='grc' dir='ltr'><strong><em>δε</em></strong></span> <span class='ocrx_word' id='word_1_297' title='bbox 146 2638 363 2684; x_wconf 82' lang='grc' dir='ltr'><strong><em>κάγκανα</em></strong></span> <span class='ocrx_word' id='word_1_298' title='bbox 391 2637 458 2680; x_wconf 89' lang='lat'><strong><em>(11.</em></strong></span> <span class='ocrx_word' id='word_1_299' title='bbox 486 2633 536 2678; x_wconf 86' lang='grc' dir='ltr'><strong><em>φ’,</em></strong></span> <span class='ocrx_word' id='word_1_300' title='bbox 559 2632 658 2676; x_wconf 82' lang='grc'><strong><em>364.)</em></strong></span> <span class='ocrx_word' id='word_1_301' title='bbox 701 2645 747 2666; x_wconf 82' lang='grc' dir='ltr'><strong><em>τα</em></strong></span> <span class='ocrx_word' id='word_1_302' title='bbox 782 2628 889 2675; x_wconf 82' lang='grc' dir='ltr'><strong><em>ξηρα,</em></strong></span> 
     </span>
     <span class='ocr_line' id='line_1_50' title="bbox 79 2677 890 2733; baseline -0.016 -10"><span class='ocrx_word' id='word_1_303' title='bbox 79 2686 126 2723; x_wconf 77' lang='grc' dir='ltr'><strong><em>τοὶ</em></strong></span> <span class='ocrx_word' id='word_1_304' title='bbox 147 2685 348 2728; x_wconf 86' lang='grc' dir='ltr'><strong><em>καινόμενα</em></strong></span> <span class='ocrx_word' id='word_1_305' title='bbox 371 2684 468 2727; x_wconf 86' lang='lat' dir='ltr'><strong>(scr.</strong></span> <span class='ocrx_word' id='word_1_306' title='bbox 491 2679 683 2722; x_wconf 78' lang='grc' dir='ltr'><strong><em>κειόμενα,</em></strong></span> <span class='ocrx_word' id='word_1_307' title='bbox 698 2678 811 2733; x_wconf 83' lang='lat' dir='ltr'><strong><em>fissa)</em></strong></span> <span class='ocrx_word' id='word_1_308' title='bbox 838 2677 890 2716; x_wconf 81' lang='grc' dir='ltr'><strong><em>εἰς</em></strong></span> 
     </span>
     <span class='ocr_line' id='line_1_51' title="bbox 80 2721 890 2770; baseline -0.017 0"><span class='ocrx_word' id='word_1_309' title='bbox 80 2733 121 2770; x_wconf 82' lang='grc' dir='ltr'><strong><em>τὸ</em></strong></span> <span class='ocrx_word' id='word_1_310' title='bbox 145 2734 328 2768; x_wconf 82' lang='grc' dir='ltr'><strong><em>καίεσθαι.</em></strong></span> <span class='ocrx_word' id='word_1_311' title='bbox 367 2730 488 2765; x_wconf 83' lang='grc' dir='ltr'><strong><em>ταῦτα</em></strong></span> <span class='ocrx_word' id='word_1_312' title='bbox 511 2725 550 2762; x_wconf 89' lang='grc' dir='ltr'><strong><em>δε</em></strong></span> <span class='ocrx_word' id='word_1_313' title='bbox 574 2726 634 2760; x_wconf 84' lang='grc' dir='ltr'><strong><em>καὶ</em></strong></span> <span class='ocrx_word' id='word_1_314' title='bbox 661 2722 783 2759; x_wconf 72' lang='grc' dir='ltr'><strong><em>δανὰ</em></strong></span> <span class='ocrx_word' id='word_1_315' title='bbox 815 2721 890 2757; x_wconf 75' lang='grc' dir='ltr'><strong><em>ἕλε’-</em></strong></span> 
     </span>
     <span class='ocr_line' id='line_1_52' title="bbox 79 2769 889 2826; baseline -0.019 -10"><span class='ocrx_word' id='word_1_316' title='bbox 79 2793 175 2826; x_wconf 77' lang='grc' dir='ltr'><strong><em>γετο,</em></strong></span> <span class='ocrx_word' id='word_1_317' title='bbox 194 2777 296 2813; x_wconf 76' lang='grc' dir='ltr'><strong><em>καθὰ</em></strong></span> <span class='ocrx_word' id='word_1_318' title='bbox 317 2773 565 2820; x_wconf 76' lang='grc' dir='ltr'><strong><em>προεδηλώθη</em></strong></span> <span class='ocrx_word' id='word_1_319' title='bbox 579 2769 638 2817; x_wconf 82' lang='lat'><strong><em>(0¹,</em></strong></span> <span class='ocrx_word' id='word_1_320' title='bbox 650 2772 749 2813; x_wconf 75' lang='grc'><strong><em>321).</em></strong></span> <span class='ocrx_word' id='word_1_321' title='bbox 765 2771 889 2802; x_wconf 82' lang='lat' dir='ltr'><strong>—Am.</strong></span> 
     </span>
     <span class='ocr_line' id='line_1_53' title="bbox 80 2808 888 2870; baseline -0.018 -8"><span class='ocrx_word' id='word_1_322' title='bbox 80 2830 126 2863; x_wconf 78' lang='lat'><strong><em>2·</em></strong></span> <span class='ocrx_word' id='word_1_323' title='bbox 152 2821 244 2860; x_wconf 77' lang='grc' dir='ltr'><strong><em>αὖα</em></strong></span> <span class='ocrx_word' id='word_1_324' title='bbox 267 2821 436 2862; x_wconf 89' lang='grc' dir='ltr'><strong><em>παλαι,</em></strong></span> <span class='ocrx_word' id='word_1_325' title='bbox 459 2821 693 2863; x_wconf 84' lang='grc' dir='ltr'><strong><em>περίκηλα</em></strong></span> <span class='ocrx_word' id='word_1_326' title='bbox 717 2808 888 2870; x_wconf 58' lang='lat'><strong>(223240).</strong></span> 
     </span>
     <span class='ocr_line' id='line_1_54' title="bbox 80 2859 892 2916; baseline -0.018 -8"><span class='ocrx_word' id='word_1_327' title='bbox 80 2873 260 2916; x_wconf 77' lang='grc' dir='ltr'><strong><em>περισσῶς</em></strong></span> <span class='ocrx_word' id='word_1_328' title='bbox 284 2871 336 2909; x_wconf 84' lang='grc' dir='ltr'><strong><em>εἰς</em></strong></span> <span class='ocrx_word' id='word_1_329' title='bbox 357 2867 399 2903; x_wconf 84' lang='grc' dir='ltr'><strong><em>τὸ</em></strong></span> <span class='ocrx_word' id='word_1_330' title='bbox 424 2867 563 2903; x_wconf 83' lang='grc' dir='ltr'><strong><em>καῦσαι</em></strong></span> <span class='ocrx_word' id='word_1_331' title='bbox 587 2864 736 2900; x_wconf 80' lang='grc' dir='ltr'><strong><em>εὔθετα.</em></strong></span> <span class='ocrx_word' id='word_1_332' title='bbox 762 2859 892 2916; x_wconf 88' lang='grc' dir='ltr'><strong><em>κήλεον</em></strong></span> 
     </span>
     <span class='ocr_line' id='line_1_55' title="bbox 81 2905 890 2965; baseline -0.018 -9"><span class='ocrx_word' id='word_1_333' title='bbox 81 2918 152 2965; x_wconf 76' lang='grc' dir='ltr'><strong><em>γὰρ</em></strong></span> <span class='ocrx_word' id='word_1_334' title='bbox 165 2917 207 2955; x_wconf 88' lang='grc' dir='ltr'>τό</span> <span class='ocrx_word' id='word_1_335' title='bbox 220 2913 439 2954; x_wconf 84' lang='grc' dir='ltr'><strong><em>κανστικόν</em></strong></span> <span class='ocrx_word' id='word_1_336' title='bbox 459 2913 504 2950; x_wconf 82' lang='grc' dir='ltr'><strong><em>ἐν</em></strong></span> <span class='ocrx_word' id='word_1_337' title='bbox 521 2911 636 2958; x_wconf 83' lang='grc' dir='ltr'><strong><em>πυρὶ</em></strong></span> <span class='ocrx_word' id='word_1_338' title='bbox 655 2906 800 2956; x_wconf 74' lang='grc' dir='ltr'><strong><em>κηλέῳ</em></strong></span> <span class='ocrx_word' id='word_1_339' title='bbox 822 2905 890 2951; x_wconf 80' lang='grc' dir='ltr'><strong><em>(θ’,</em></strong></span> 
     </span>
    </p>
   </div>
   <div class='ocr_carea' id='block_1_7' title="bbox 932 1165 1746 1400">
    <p class='ocr_par' dir='ltr' id='par_1_11' title="bbox 932 1165 1746 1400">
     <span class='ocr_line' id='line_1_56' title="bbox 932 1165 1746 1225; baseline 0.001 -23"><span class='ocrx_word' id='word_1_340' title='bbox 932 1165 1002 1204; x_wconf 85' lang='grc'><strong><em>435</em></strong></span> <span class='ocrx_word' id='word_1_341' title='bbox 1021 1169 1124 1223; x_wconf 81' lang='lat' dir='ltr'><strong>etc..)</strong></span> <span class='ocrx_word' id='word_1_342' title='bbox 1151 1167 1325 1225; x_wconf 81' lang='grc' dir='ltr'><strong><em>βούλεται</em></strong></span> <span class='ocrx_word' id='word_1_343' title='bbox 1347 1182 1418 1204; x_wconf 92' lang='grc' dir='ltr'><strong><em>ουν</em></strong></span> <span class='ocrx_word' id='word_1_344' title='bbox 1439 1170 1557 1205; x_wconf 82' lang='grc' dir='ltr'><strong><em>εἰπεῖν</em></strong></span> <span class='ocrx_word' id='word_1_345' title='bbox 1580 1182 1627 1204; x_wconf 86' lang='grc' dir='ltr'><strong><em>τα</em></strong></span> <span class='ocrx_word' id='word_1_346' title='bbox 1644 1166 1746 1204; x_wconf 78' lang='grc' dir='ltr'><strong><em>πάνυ</em></strong></span> 
     </span>
     <span class='ocr_line' id='line_1_57' title="bbox 935 1213 1746 1273; baseline 0 -24"><span class='ocrx_word' id='word_1_347' title='bbox 935 1213 1044 1258; x_wconf 79' lang='grc' dir='ltr'><strong><em>ξηρά.</em></strong></span> <span class='ocrx_word' id='word_1_348' title='bbox 1068 1215 1143 1250; x_wconf 85' lang='grc' dir='ltr'><strong><em>καὶ</em></strong></span> <span class='ocrx_word' id='word_1_349' title='bbox 1164 1218 1196 1251; x_wconf 85' lang='lat'><strong><em>6-</em></strong></span> <span class='ocrx_word' id='word_1_350' title='bbox 1211 1214 1514 1273; x_wconf 83' lang='grc' dir='ltr'><strong><em>κατέμισγον.</em></strong></span> <span class='ocrx_word' id='word_1_351' title='bbox 1529 1215 1746 1271; x_wconf 55' lang='lat' dir='ltr'><strong><em>notts&#39;ftmyov</em></strong></span> 
     </span>
     <span class='ocr_line' id='line_1_58' title="bbox 934 1259 1743 1307; baseline 0.001 -13"><span class='ocrx_word' id='word_1_352' title='bbox 934 1264 1013 1303; x_wconf 86' lang='grc' dir='ltr'><strong><em>τοῖς</em></strong></span> <span class='ocrx_word' id='word_1_353' title='bbox 1024 1260 1191 1304; x_wconf 77' lang='grc' dir='ltr'><strong><em>ξύλοις,</em></strong></span> <span class='ocrx_word' id='word_1_354' title='bbox 1180 1265 1242 1297; x_wconf 89' lang='grc' dir='ltr'><strong><em>ινα</em></strong></span> <span class='ocrx_word' id='word_1_355' title='bbox 1260 1260 1298 1296; x_wconf 81' lang='grc' dir='ltr'><strong><em>ἐκ</em></strong></span> <span class='ocrx_word' id='word_1_356' title='bbox 1317 1263 1390 1297; x_wconf 81' lang='grc' dir='ltr'><strong><em>τῶν</em></strong></span> <span class='ocrx_word' id='word_1_357' title='bbox 1403 1262 1529 1307; x_wconf 78' lang='grc' dir='ltr'><strong><em>δᾳδων</em></strong></span> <span class='ocrx_word' id='word_1_358' title='bbox 1549 1259 1743 1297; x_wconf 77' lang='grc' dir='ltr'><strong><em>ανάπτων-</em></strong></span> 
     </span>
     <span class='ocr_line' id='line_1_59' title="bbox 934 1305 1744 1364; baseline 0.005 -24"><span class='ocrx_word' id='word_1_359' title='bbox 934 1309 1158 1351; x_wconf 78' lang='grc' dir='ltr'><strong><em>ταιμᾶλλον.</em></strong></span> <span class='ocrx_word' id='word_1_360' title='bbox 1168 1305 1467 1364; x_wconf 82' lang='grc' dir='ltr'><strong><em>-αμοιβηδ</em></strong></span> <span class='ocrx_word' id='word_1_361' title='bbox 1455 1323 1496 1349; x_wconf 83' lang='grc' dir='ltr'><strong><em>ις</em></strong></span> <span class='ocrx_word' id='word_1_362' title='bbox 1512 1309 1558 1352; x_wconf 84' lang='grc' dir='ltr'><strong><em>(ΙΙ</em></strong></span> <span class='ocrx_word' id='word_1_363' title='bbox 1582 1308 1627 1349; x_wconf 89' lang='grc' dir='ltr'><strong><em>σ’,</em></strong></span> <span class='ocrx_word' id='word_1_364' title='bbox 1648 1310 1744 1353; x_wconf 84' lang='lat'>506).</span> 
     </span>
     <span class='ocr_line' id='line_1_60' title="bbox 936 1352 1680 1400; baseline 0.003 -12"><span class='ocrx_word' id='word_1_365' title='bbox 936 1352 1011 1389; x_wconf 65' lang='lat' dir='ltr'><strong><em>avo}</em></strong></span> <span class='ocrx_word' id='word_1_366' title='bbox 1031 1353 1141 1398; x_wconf 73' lang='grc' dir='ltr'><strong><em>μέρος</em></strong></span> <span class='ocrx_word' id='word_1_367' title='bbox 1165 1352 1294 1390; x_wconf 80' lang='grc' dir='ltr'><strong><em>ἄλλοτε</em></strong></span> <span class='ocrx_word' id='word_1_368' title='bbox 1318 1353 1406 1400; x_wconf 80' lang='grc' dir='ltr'><strong><em>ἄλλη</em></strong></span> <span class='ocrx_word' id='word_1_369' title='bbox 1430 1352 1680 1400; x_wconf 82' lang='grc' dir='ltr'><strong><em>ὑπηρετοῦσα.</em></strong></span> 
     </span>
    </p>
   </div>
   <div class='ocr_carea' id='block_1_8' title="bbox 934 1422 1747 2941">
    <p class='ocr_par' dir='ltr' id='par_1_12' title="bbox 934 1422 1747 2941">
     <span class='ocr_line' id='line_1_61' title="bbox 982 1422 1746 1469; baseline -0.001 -11"><span class='ocrx_word' id='word_1_370' title='bbox 982 1423 1107 1458; x_wconf 85' lang='grc'><strong><em>314-</em></strong></span> <span class='ocrx_word' id='word_1_371' title='bbox 1116 1425 1195 1459; x_wconf 86' lang='grc'><strong><em>319.</em></strong></span> <span class='ocrx_word' id='word_1_372' title='bbox 1231 1423 1293 1458; x_wconf 80' lang='grc' dir='ltr'><strong><em>ι’ν’</em></strong></span> <span class='ocrx_word' id='word_1_373' title='bbox 1327 1422 1428 1463; x_wconf 81' lang='grc' dir='ltr'><strong><em>αἰδ’</em></strong></span> <span class='ocrx_word' id='word_1_374' title='bbox 1462 1423 1540 1469; x_wconf 86' lang='grc' dir='ltr'><strong><em>(α’,</em></strong></span> <span class='ocrx_word' id='word_1_375' title='bbox 1567 1425 1632 1459; x_wconf 85' lang='grc'><strong><em>139</em></strong></span> <span class='ocrx_word' id='word_1_376' title='bbox 1656 1423 1746 1467; x_wconf 83' lang='lat' dir='ltr'><strong>etc.)</strong></span> 
     </span>
     <span class='ocr_line' id='line_1_62' title="bbox 935 1468 1747 1516; baseline 0.001 -12"><span class='ocrx_word' id='word_1_377' title='bbox 935 1471 1169 1516; x_wconf 78' lang='grc' dir='ltr'><strong><em>βασίλεια.</em></strong></span> <span class='ocrx_word' id='word_1_378' title='bbox 1195 1470 1302 1504; x_wconf 77' lang='lat' dir='ltr'><strong>intell.</strong></span> <span class='ocrx_word' id='word_1_379' title='bbox 1328 1471 1414 1506; x_wconf 79' lang='grc' dir='ltr'><strong><em>ἐστι’.</em></strong></span> <span class='ocrx_word' id='word_1_380' title='bbox 1442 1489 1485 1496; x_wconf 90' lang='grc'><strong>-</strong></span> <span class='ocrx_word' id='word_1_381' title='bbox 1509 1468 1573 1514; x_wconf 80' lang='grc' dir='ltr'><strong><em>ἠλ.</em></strong></span> <span class='ocrx_word' id='word_1_382' title='bbox 1608 1482 1747 1513; x_wconf 87' lang='grc' dir='ltr'><strong><em>στρο-</em></strong></span> 
     </span>
     <span class='ocr_line' id='line_1_63' title="bbox 936 1516 1746 1562; baseline 0.002 -11"><span class='ocrx_word' id='word_1_383' title='bbox 936 1518 1168 1561; x_wconf 78' lang='grc' dir='ltr'><strong><em>φαλίζετε.</em></strong></span> <span class='ocrx_word' id='word_1_384' title='bbox 1189 1518 1275 1559; x_wconf 59' lang='grc' dir='ltr'><strong><em>εἰς</em></strong></span> <span class='ocrx_word' id='word_1_385' title='bbox 1291 1520 1381 1560; x_wconf 85' lang='grc'><strong><em>,,53</em></strong></span> <span class='ocrx_word' id='word_1_386' title='bbox 1406 1516 1453 1562; x_wconf 84' lang='grc' dir='ltr'><strong><em>η’,</em></strong></span> <span class='ocrx_word' id='word_1_387' title='bbox 1480 1518 1556 1553; x_wconf 86' lang='grc'><strong><em>106</em></strong></span> <span class='ocrx_word' id='word_1_388' title='bbox 1583 1537 1628 1543; x_wconf 82' lang='lat'><strong>—</strong></span> <span class='ocrx_word' id='word_1_389' title='bbox 1651 1518 1746 1553; x_wconf 82' lang='grc' dir='ltr'><strong><em>πεί-</em></strong></span> 
     </span>
     <span class='ocr_line' id='line_1_64' title="bbox 935 1562 1745 1608; baseline 0.001 -11"><span class='ocrx_word' id='word_1_390' title='bbox 935 1575 1061 1606; x_wconf 85' lang='grc' dir='ltr'><strong><em>κετε,</em></strong></span> <span class='ocrx_word' id='word_1_391' title='bbox 1094 1562 1237 1606; x_wconf 77' lang='grc' dir='ltr'><strong><em>πέ,κετε</em></strong></span> <span class='ocrx_word' id='word_1_392' title='bbox 1270 1565 1302 1597; x_wconf 83' lang='lat' dir='ltr'><strong><em>h.</em></strong></span> <span class='ocrx_word' id='word_1_393' title='bbox 1330 1577 1358 1598; x_wconf 87' lang='lat' dir='ltr'><strong><em>e.</em></strong></span> <span class='ocrx_word' id='word_1_394' title='bbox 1386 1565 1428 1599; x_wconf 80' lang='grc' dir='ltr'><strong><em>Ε.</em></strong></span> <span class='ocrx_word' id='word_1_395' title='bbox 1451 1565 1643 1608; x_wconf 80' lang='lat' dir='ltr'>interprete</span> <span class='ocrx_word' id='word_1_396' title='bbox 1666 1577 1745 1598; x_wconf 86' lang='grc' dir='ltr'><strong><em>κτε-</em></strong></span> 
     </span>
     <span class='ocr_line' id='line_1_65' title="bbox 935 1607 1746 1654; baseline -0.003 -9"><span class='ocrx_word' id='word_1_397' title='bbox 935 1612 1068 1652; x_wconf 82' lang='grc' dir='ltr'><strong><em>νίζετε,</em></strong></span> <span class='ocrx_word' id='word_1_398' title='bbox 1103 1609 1265 1652; x_wconf 82' lang='grc' dir='ltr'><strong><em>ἀσκεῖτε,</em></strong></span> <span class='ocrx_word' id='word_1_399' title='bbox 1305 1617 1344 1644; x_wconf 84' lang='lat' dir='ltr'><strong><em>ut</em></strong></span> <span class='ocrx_word' id='word_1_400' title='bbox 1365 1607 1488 1654; x_wconf 82' lang='grc' dir='ltr'><strong><em>ἤσκειν</em></strong></span> <span class='ocrx_word' id='word_1_401' title='bbox 1513 1613 1609 1653; x_wconf 77' lang='grc' dir='ltr'><strong><em>εἴρια</em></strong></span> <span class='ocrx_word' id='word_1_402' title='bbox 1640 1610 1680 1643; x_wconf 86' lang='grc' dir='ltr'><strong><em>ΙΙ.</em></strong></span> <span class='ocrx_word' id='word_1_403' title='bbox 1703 1608 1746 1654; x_wconf 79' lang='grc' dir='ltr'><strong><em>γ’,</em></strong></span> 
     </span>
     <span class='ocr_line' id='line_1_66' title="bbox 935 1653 1746 1710; baseline -0.001 -18"><span class='ocrx_word' id='word_1_404' title='bbox 935 1657 1015 1692; x_wconf 83' lang='grc'><strong><em>388.</em></strong></span> <span class='ocrx_word' id='word_1_405' title='bbox 1058 1653 1127 1699; x_wconf 80' lang='grc' dir='ltr'><strong><em>ὅρα</em></strong></span> <span class='ocrx_word' id='word_1_406' title='bbox 1151 1655 1191 1691; x_wconf 79' lang='grc' dir='ltr'><strong><em>τὰ</em></strong></span> <span class='ocrx_word' id='word_1_407' title='bbox 1219 1658 1403 1700; x_wconf 83' lang='grc' dir='ltr'><strong><em>χερσὶν,</em></strong></span> <span class='ocrx_word' id='word_1_408' title='bbox 1436 1657 1574 1710; x_wconf 83' lang='lat' dir='ltr'>inquit,</span> <span class='ocrx_word' id='word_1_409' title='bbox 1606 1669 1655 1696; x_wconf 91' lang='grc' dir='ltr'><strong><em>ως</em></strong></span> <span class='ocrx_word' id='word_1_410' title='bbox 1678 1658 1746 1691; x_wconf 83' lang='grc' dir='ltr'><strong><em>τοῦ</em></strong></span> 
     </span>
     <span class='ocr_line' id='line_1_67' title="bbox 939 1699 1746 1753; baseline 0 -15"><span class='ocrx_word' id='word_1_411' title='bbox 939 1705 1232 1747; x_wconf 80' lang='grc' dir='ltr'><strong><em>στροφαλιζε</em></strong></span> <span class='ocrx_word' id='word_1_412' title='bbox 1247 1715 1289 1737; x_wconf 88' lang='grc' dir='ltr'><strong><em>ιν</em></strong></span> <span class='ocrx_word' id='word_1_413' title='bbox 1328 1705 1516 1753; x_wconf 78' lang='grc' dir='ltr'><strong><em>προσεχῶς</em></strong></span> <span class='ocrx_word' id='word_1_414' title='bbox 1552 1699 1746 1744; x_wconf 73' lang='grc' dir='ltr'><strong><em>ατρακτοις</em></strong></span> 
     </span>
     <span class='ocr_line' id='line_1_68' title="bbox 939 1748 1743 1793; baseline 0.001 -9"><span class='ocrx_word' id='word_1_415' title='bbox 939 1749 1241 1793; x_wconf 84' lang='grc' dir='ltr'><strong><em>συντελουμένου.</em></strong></span> <span class='ocrx_word' id='word_1_416' title='bbox 1267 1748 1335 1793; x_wconf 72' lang='grc' dir='ltr'><strong><em>(Ρ)</em></strong></span> <span class='ocrx_word' id='word_1_417' title='bbox 1379 1748 1403 1793; x_wconf 78' lang='grc' dir='ltr'><strong><em>η’</em></strong></span> <span class='ocrx_word' id='word_1_418' title='bbox 1436 1750 1498 1784; x_wconf 85' lang='grc' dir='ltr'><strong><em>καὶ</em></strong></span> <span class='ocrx_word' id='word_1_419' title='bbox 1539 1748 1670 1791; x_wconf 73' lang='grc' dir='ltr'><strong><em>ετέρως</em></strong></span> <span class='ocrx_word' id='word_1_420' title='bbox 1701 1748 1743 1785; x_wconf 82' lang='grc' dir='ltr'><strong><em>τὸ</em></strong></span> 
     </span>
     <span class='ocr_line' id='line_1_69' title="bbox 937 1792 1747 1840; baseline 0 -9"><span class='ocrx_word' id='word_1_421' title='bbox 937 1796 1068 1840; x_wconf 84' lang='grc' dir='ltr'><strong><em>χερσὶ</em></strong></span> <span class='ocrx_word' id='word_1_422' title='bbox 1102 1794 1195 1839; x_wconf 82' lang='grc' dir='ltr'><strong><em>πρὸς</em></strong></span> <span class='ocrx_word' id='word_1_423' title='bbox 1218 1795 1417 1840; x_wconf 80' lang='grc' dir='ltr'><strong><em>διαστολὴν</em></strong></span> <span class='ocrx_word' id='word_1_424' title='bbox 1446 1796 1515 1831; x_wconf 84' lang='grc' dir='ltr'><strong><em>τοῦ</em></strong></span> <span class='ocrx_word' id='word_1_425' title='bbox 1545 1792 1661 1836; x_wconf 74' lang='grc' dir='ltr'><strong><em>ἄλλως</em></strong></span> <span class='ocrx_word' id='word_1_426' title='bbox 1683 1796 1747 1831; x_wconf 78' lang='grc' dir='ltr'><strong><em>πέ-</em></strong></span> 
     </span>
     <span class='ocr_line' id='line_1_70' title="bbox 937 1841 1746 1888; baseline 0.001 -11"><span class='ocrx_word' id='word_1_427' title='bbox 937 1854 1014 1877; x_wconf 85' lang='grc' dir='ltr'><strong><em>κειν</em></strong></span> <span class='ocrx_word' id='word_1_428' title='bbox 1057 1842 1213 1887; x_wconf 77' lang='grc' dir='ltr'><strong><em>εἴρηται·</em></strong></span> <span class='ocrx_word' id='word_1_429' title='bbox 1255 1843 1429 1877; x_wconf 82' lang='grc' dir='ltr'><strong><em>πέκονται</em></strong></span> <span class='ocrx_word' id='word_1_430' title='bbox 1458 1855 1528 1888; x_wconf 82' lang='grc' dir='ltr'><strong><em>γαρ</em></strong></span> <span class='ocrx_word' id='word_1_431' title='bbox 1569 1841 1654 1885; x_wconf 81' lang='grc' dir='ltr'><strong><em>ε’ρια</em></strong></span> <span class='ocrx_word' id='word_1_432' title='bbox 1683 1841 1746 1878; x_wconf 80' lang='grc' dir='ltr'><strong><em>καὶ</em></strong></span> 
     </span>
     <span class='ocr_line' id='line_1_71' title="bbox 937 1888 1747 1945; baseline 0 -21"><span class='ocrx_word' id='word_1_433' title='bbox 937 1888 1159 1942; x_wconf 79' lang='grc' dir='ltr'><strong><em>κειρομένων</em></strong></span> <span class='ocrx_word' id='word_1_434' title='bbox 1182 1888 1380 1945; x_wconf 81' lang='grc' dir='ltr'><strong><em>προβάτων</em></strong></span> <span class='ocrx_word' id='word_1_435' title='bbox 1408 1889 1651 1945; x_wconf 73' lang='grc' dir='ltr'><strong><em>ποιμενικαῖς,</em></strong></span> <span class='ocrx_word' id='word_1_436' title='bbox 1683 1889 1747 1924; x_wconf 82' lang='grc' dir='ltr'><strong><em>καὶ</em></strong></span> 
     </span>
     <span class='ocr_line' id='line_1_72' title="bbox 939 1932 1746 1977; baseline 0 -7"><span class='ocrx_word' id='word_1_437' title='bbox 939 1948 978 1970; x_wconf 81' lang='grc' dir='ltr'><strong><em>εκ</em></strong></span> <span class='ocrx_word' id='word_1_438' title='bbox 1001 1938 1068 1970; x_wconf 83' lang='grc' dir='ltr'><strong><em>τοῦ</em></strong></span> <span class='ocrx_word' id='word_1_439' title='bbox 1091 1934 1266 1971; x_wconf 80' lang='grc' dir='ltr'><strong><em>τοιούτου</em></strong></span> <span class='ocrx_word' id='word_1_440' title='bbox 1290 1935 1412 1971; x_wconf 82' lang='grc' dir='ltr'><strong><em>πέκειν</em></strong></span> <span class='ocrx_word' id='word_1_441' title='bbox 1435 1937 1495 1971; x_wconf 82' lang='grc' dir='ltr'><strong><em>καὶ</em></strong></span> <span class='ocrx_word' id='word_1_442' title='bbox 1520 1932 1540 1970; x_wconf 84' lang='lat'><strong><em>6</em></strong></span> <span class='ocrx_word' id='word_1_443' title='bbox 1556 1934 1672 1977; x_wconf 85' lang='grc' dir='ltr'><strong><em>πόκος</em></strong></span> <span class='ocrx_word' id='word_1_444' title='bbox 1695 1936 1746 1972; x_wconf 79' lang='grc' dir='ltr'><strong><em>εἴ·</em></strong></span> 
     </span>
     <span class='ocr_line' id='line_1_73' title="bbox 938 1979 1746 2039; baseline 0.001 -23"><span class='ocrx_word' id='word_1_445' title='bbox 938 1996 1059 2039; x_wconf 86' lang='grc' dir='ltr'><strong><em>ρηται.</em></strong></span> <span class='ocrx_word' id='word_1_446' title='bbox 1082 1982 1144 2017; x_wconf 81' lang='grc' dir='ltr'><strong><em>καὶ</em></strong></span> <span class='ocrx_word' id='word_1_447' title='bbox 1169 1980 1267 2026; x_wconf 81' lang='grc' dir='ltr'><strong><em>αἶγες</em></strong></span> <span class='ocrx_word' id='word_1_448' title='bbox 1283 1981 1337 2023; x_wconf 84' lang='grc' dir='ltr'><strong><em>δε,</em></strong></span> <span class='ocrx_word' id='word_1_449' title='bbox 1360 1979 1412 2016; x_wconf 78' lang='grc' dir='ltr'><strong><em>ὧν</em></strong></span> <span class='ocrx_word' id='word_1_450' title='bbox 1436 1980 1577 2026; x_wconf 72' lang='grc' dir='ltr'><strong><em>εὖγενες</em></strong></span> <span class='ocrx_word' id='word_1_451' title='bbox 1599 1981 1641 2017; x_wconf 83' lang='grc' dir='ltr'><strong><em>τὸ</em></strong></span> <span class='ocrx_word' id='word_1_452' title='bbox 1671 1981 1746 2026; x_wconf 88' lang='grc' dir='ltr'><strong><em>ε’ρι-</em></strong></span> 
     </span>
     <span class='ocr_line' id='line_1_74' title="bbox 938 2026 1744 2074; baseline 0.003 -12"><span class='ocrx_word' id='word_1_453' title='bbox 938 2042 1000 2066; x_wconf 89' lang='grc' dir='ltr'><strong><em>ον.</em></strong></span> <span class='ocrx_word' id='word_1_454' title='bbox 1042 2026 1214 2073; x_wconf 79' lang='grc' dir='ltr'><strong><em>ἐργαλείῳ</em></strong></span> <span class='ocrx_word' id='word_1_455' title='bbox 1255 2029 1328 2063; x_wconf 80' lang='grc' dir='ltr'><strong><em>τινὶ</em></strong></span> <span class='ocrx_word' id='word_1_456' title='bbox 1367 2028 1515 2074; x_wconf 84' lang='grc' dir='ltr'><strong><em>ετεροίω</em></strong></span> <span class='ocrx_word' id='word_1_457' title='bbox 1554 2027 1744 2064; x_wconf 84' lang='grc' dir='ltr'><strong><em>πέκονται.</em></strong></span> 
     </span>
     <span class='ocr_line' id='line_1_75' title="bbox 936 2075 1744 2119; baseline 0.003 -11"><span class='ocrx_word' id='word_1_458' title='bbox 936 2075 1022 2108; x_wconf 78' lang='lat' dir='ltr'>dicit</span> <span class='ocrx_word' id='word_1_459' title='bbox 1055 2086 1179 2119; x_wconf 79' lang='lat' dir='ltr'><strong>capras</strong></span> <span class='ocrx_word' id='word_1_460' title='bbox 1210 2075 1400 2116; x_wconf 82' lang='lat' dir='ltr'>Asiaticas,</span> <span class='ocrx_word' id='word_1_461' title='bbox 1435 2086 1521 2118; x_wconf 80' lang='lat' dir='ltr'>quas</span> <span class='ocrx_word' id='word_1_462' title='bbox 1545 2075 1648 2118; x_wconf 83' lang='lat' dir='ltr'>vulgo</span> <span class='ocrx_word' id='word_1_463' title='bbox 1673 2078 1744 2110; x_wconf 89' lang='lat' dir='ltr'><strong><em>An-</em></strong></span> 
     </span>
     <span class='ocr_line' id='line_1_76' title="bbox 935 2120 1744 2166; baseline 0.004 -12"><span class='ocrx_word' id='word_1_464' title='bbox 935 2132 1099 2165; x_wconf 84' lang='lat' dir='ltr'>gorenses</span> <span class='ocrx_word' id='word_1_465' title='bbox 1124 2127 1266 2161; x_wconf 78' lang='lat' dir='ltr'>vocant,</span> <span class='ocrx_word' id='word_1_466' title='bbox 1300 2121 1343 2154; x_wconf 86' lang='lat' dir='ltr'><strong><em>de</em></strong></span> <span class='ocrx_word' id='word_1_467' title='bbox 1376 2120 1499 2166; x_wconf 77' lang='lat' dir='ltr'>quihus</span> <span class='ocrx_word' id='word_1_468' title='bbox 1531 2121 1672 2155; x_wconf 83' lang='lat' dir='ltr'><strong>Aristot.</strong></span> <span class='ocrx_word' id='word_1_469' title='bbox 1697 2123 1744 2157; x_wconf 90' lang='lat' dir='ltr'><strong><em>H.</em></strong></span> 
     </span>
     <span class='ocr_line' id='line_1_77' title="bbox 936 2167 1744 2210; baseline 0 -9"><span class='ocrx_word' id='word_1_470' title='bbox 936 2173 976 2201; x_wconf 88' lang='lat' dir='ltr'><strong><em>A.</em></strong></span> <span class='ocrx_word' id='word_1_471' title='bbox 1003 2168 1034 2209; x_wconf 87' lang='lat'><strong><em>8,</em></strong></span> <span class='ocrx_word' id='word_1_472' title='bbox 1059 2168 1117 2210; x_wconf 72' lang='lat'><strong><em>27,</em></strong></span> <span class='ocrx_word' id='word_1_473' title='bbox 1151 2167 1239 2202; x_wconf 72' lang='lat' dir='ltr'><strong>Plin.</strong></span> <span class='ocrx_word' id='word_1_474' title='bbox 1265 2167 1308 2200; x_wconf 92' lang='lat' dir='ltr'><strong><em>H.</em></strong></span> <span class='ocrx_word' id='word_1_475' title='bbox 1336 2167 1382 2200; x_wconf 92' lang='lat' dir='ltr'><strong><em>N.</em></strong></span> <span class='ocrx_word' id='word_1_476' title='bbox 1410 2169 1442 2208; x_wconf 89' lang='lat'><strong><em>8,</em></strong></span> <span class='ocrx_word' id='word_1_477' title='bbox 1470 2168 1516 2203; x_wconf 85' lang='lat'><strong><em>50</em></strong></span> <span class='ocrx_word' id='word_1_478' title='bbox 1540 2172 1606 2203; x_wconf 78' lang='lat' dir='ltr'><strong>etc.</strong></span> <span class='ocrx_word' id='word_1_479' title='bbox 1646 2172 1744 2201; x_wconf 75' lang='lat' dir='ltr'><strong>cete-</strong></span> 
     </span>
     <span class='ocr_line' id='line_1_78' title="bbox 935 2213 1744 2256; baseline 0.001 -9"><span class='ocrx_word' id='word_1_480' title='bbox 935 2225 1008 2248; x_wconf 90' lang='lat' dir='ltr'><strong><em>rum</em></strong></span> <span class='ocrx_word' id='word_1_481' title='bbox 1047 2224 1113 2246; x_wconf 88' lang='lat' dir='ltr'><strong><em>non</em></strong></span> <span class='ocrx_word' id='word_1_482' title='bbox 1143 2214 1243 2246; x_wconf 89' lang='lat' dir='ltr'>modo</span> <span class='ocrx_word' id='word_1_483' title='bbox 1274 2213 1457 2246; x_wconf 75' lang='lat' dir='ltr'><strong>lanificium</strong></span> <span class='ocrx_word' id='word_1_484' title='bbox 1503 2213 1618 2256; x_wconf 82' lang='lat' dir='ltr'>agitur</span> <span class='ocrx_word' id='word_1_485' title='bbox 1649 2214 1744 2248; x_wconf 81' lang='lat' dir='ltr'><strong>hisce</strong></span> 
     </span>
     <span class='ocr_line' id='line_1_79' title="bbox 935 2259 1745 2303; baseline 0.002 -11"><span class='ocrx_word' id='word_1_486' title='bbox 935 2259 1111 2300; x_wconf 81' lang='lat' dir='ltr'><strong>versibus,</strong></span> <span class='ocrx_word' id='word_1_487' title='bbox 1154 2271 1242 2303; x_wconf 86' lang='lat' dir='ltr'>quae</span> <span class='ocrx_word' id='word_1_488' title='bbox 1277 2259 1414 2292; x_wconf 79' lang='lat' dir='ltr'>videtur</span> <span class='ocrx_word' id='word_1_489' title='bbox 1453 2259 1626 2293; x_wconf 78' lang='lat' dir='ltr'>Eustathii</span> <span class='ocrx_word' id='word_1_490' title='bbox 1663 2271 1745 2294; x_wconf 87' lang='lat' dir='ltr'><strong>sen-</strong></span> 
     </span>
     <span class='ocr_line' id='line_1_80' title="bbox 934 2306 1744 2345; baseline 0.002 -7"><span class='ocrx_word' id='word_1_491' title='bbox 934 2306 1064 2345; x_wconf 83' lang='lat' dir='ltr'><strong>tentia,</strong></span> <span class='ocrx_word' id='word_1_492' title='bbox 1099 2306 1160 2339; x_wconf 84' lang='lat' dir='ltr'><strong><em>sed</em></strong></span> <span class='ocrx_word' id='word_1_493' title='bbox 1186 2306 1287 2339; x_wconf 79' lang='lat' dir='ltr'>etiam</span> <span class='ocrx_word' id='word_1_494' title='bbox 1313 2306 1495 2339; x_wconf 71' lang='lat' dir='ltr'>linteatum</span> <span class='ocrx_word' id='word_1_495' title='bbox 1518 2307 1662 2340; x_wconf 82' lang='lat' dir='ltr'>vestium</span> <span class='ocrx_word' id='word_1_496' title='bbox 1687 2307 1744 2340; x_wconf 83' lang='lat' dir='ltr'><strong><em>fa-</em></strong></span> 
     </span>
     <span class='ocr_line' id='line_1_81' title="bbox 934 2351 1743 2396; baseline -0.001 -11"><span class='ocrx_word' id='word_1_497' title='bbox 934 2352 1099 2393; x_wconf 79' lang='lat' dir='ltr'><strong>bricatio,</strong></span> <span class='ocrx_word' id='word_1_498' title='bbox 1134 2352 1188 2385; x_wconf 86' lang='lat' dir='ltr'><strong><em>cui</em></strong></span> <span class='ocrx_word' id='word_1_499' title='bbox 1213 2352 1342 2395; x_wconf 81' lang='lat' dir='ltr'>pariter</span> <span class='ocrx_word' id='word_1_500' title='bbox 1365 2363 1503 2396; x_wconf 83' lang='lat' dir='ltr'>operam</span> <span class='ocrx_word' id='word_1_501' title='bbox 1527 2351 1663 2385; x_wconf 79' lang='lat' dir='ltr'>dedisse</span> <span class='ocrx_word' id='word_1_502' title='bbox 1686 2352 1743 2385; x_wconf 85' lang='lat' dir='ltr'><strong><em>fe-</em></strong></span> 
     </span>
     <span class='ocr_line' id='line_1_82' title="bbox 935 2397 1745 2442; baseline 0.002 -12"><span class='ocrx_word' id='word_1_503' title='bbox 935 2398 1042 2430; x_wconf 81' lang='lat' dir='ltr'>minas</span> <span class='ocrx_word' id='word_1_504' title='bbox 1067 2402 1220 2442; x_wconf 77' lang='lat' dir='ltr'>ternpore</span> <span class='ocrx_word' id='word_1_505' title='bbox 1243 2397 1300 2430; x_wconf 79' lang='lat' dir='ltr'>illo</span> <span class='ocrx_word' id='word_1_506' title='bbox 1327 2403 1472 2431; x_wconf 74' lang='lat' dir='ltr'><strong>constat.</strong></span> <span class='ocrx_word' id='word_1_507' title='bbox 1513 2410 1584 2432; x_wconf 81' lang='lat' dir='ltr'><strong><em>cam</em></strong></span> <span class='ocrx_word' id='word_1_508' title='bbox 1609 2397 1745 2432; x_wconf 80' lang='lat' dir='ltr'><strong>scilicet</strong></span> 
     </span>
     <span class='ocr_line' id='line_1_83' title="bbox 935 2442 1743 2488; baseline 0.002 -12"><span class='ocrx_word' id='word_1_509' title='bbox 935 2443 1193 2478; x_wconf 74' lang='lat' dir='ltr'>iabricationem</span> <span class='ocrx_word' id='word_1_510' title='bbox 1218 2443 1372 2476; x_wconf 78' lang='lat' dir='ltr'>indicant</span> <span class='ocrx_word' id='word_1_511' title='bbox 1393 2444 1499 2477; x_wconf 85' lang='lat' dir='ltr'><strong>verba</strong></span> <span class='ocrx_word' id='word_1_512' title='bbox 1524 2442 1578 2487; x_wconf 84' lang='grc' dir='ltr'><strong><em>ἠλ.</em></strong></span> <span class='ocrx_word' id='word_1_513' title='bbox 1604 2455 1743 2488; x_wconf 80' lang='grc' dir='ltr'><strong><em>στοφα-</em></strong></span> 
     </span>
     <span class='ocr_line' id='line_1_84' title="bbox 935 2489 1744 2544; baseline 0 -21"><span class='ocrx_word' id='word_1_514' title='bbox 935 2491 1058 2544; x_wconf 84' lang='grc' dir='ltr'><strong><em>λίζετε,</em></strong></span> <span class='ocrx_word' id='word_1_515' title='bbox 1083 2489 1359 2534; x_wconf 79' lang='lat' dir='ltr'>quemadmodum</span> <span class='ocrx_word' id='word_1_516' title='bbox 1383 2494 1481 2523; x_wconf 76' lang='lat' dir='ltr'>vates</span> <span class='ocrx_word' id='word_1_517' title='bbox 1505 2501 1744 2524; x_wconf 87' lang='lat' dir='ltr'><strong>commemora-</strong></span> 
     </span>
     <span class='ocr_line' id='line_1_85' title="bbox 936 2532 1744 2580; baseline -0.004 -8"><span class='ocrx_word' id='word_1_518' title='bbox 936 2537 989 2572; x_wconf 79' lang='lat' dir='ltr'><strong><em>vit</em></strong></span> <span class='ocrx_word' id='word_1_519' title='bbox 1020 2532 1164 2575; x_wconf 75' lang='grc' dir='ltr'><strong><em>ὀθόνας</em></strong></span> <span class='ocrx_word' id='word_1_520' title='bbox 1187 2535 1234 2580; x_wconf 80' lang='grc' dir='ltr'><strong><em>η’,</em></strong></span> <span class='ocrx_word' id='word_1_521' title='bbox 1262 2534 1574 2578; x_wconf 85' lang='lat'><strong>107,11.,141</strong></span> <span class='ocrx_word' id='word_1_522' title='bbox 1611 2542 1645 2569; x_wconf 82' lang='lat' dir='ltr'><strong><em>et</em></strong></span> <span class='ocrx_word' id='word_1_523' title='bbox 1677 2535 1744 2569; x_wconf 79' lang='lat' dir='ltr'><strong>ibi-</strong></span> 
     </span>
     <span class='ocr_line' id='line_1_86' title="bbox 937 2580 1742 2626; baseline -0.002 -9"><span class='ocrx_word' id='word_1_524' title='bbox 937 2585 1011 2618; x_wconf 82' lang='lat' dir='ltr'><strong><em>dem</em></strong></span> <span class='ocrx_word' id='word_1_525' title='bbox 1038 2580 1080 2623; x_wconf 82' lang='grc' dir='ltr'><strong><em>σ’,</em></strong></span> <span class='ocrx_word' id='word_1_526' title='bbox 1104 2582 1185 2623; x_wconf 83' lang='grc'><strong><em>595,</em></strong></span> <span class='ocrx_word' id='word_1_527' title='bbox 1214 2592 1299 2626; x_wconf 83' lang='lat' dir='ltr'>quas</span> <span class='ocrx_word' id='word_1_528' title='bbox 1315 2580 1387 2613; x_wconf 77' lang='lat' dir='ltr'>falli</span> <span class='ocrx_word' id='word_1_529' title='bbox 1401 2582 1561 2615; x_wconf 80' lang='lat' dir='ltr'>videntur</span> <span class='ocrx_word' id='word_1_530' title='bbox 1580 2582 1638 2626; x_wconf 75' lang='lat' dir='ltr'><strong><em>qui</em></strong></span> <span class='ocrx_word' id='word_1_531' title='bbox 1656 2582 1742 2615; x_wconf 72' lang='lat' dir='ltr'><strong>anas</strong></span> 
     </span>
     <span class='ocr_line' id='line_1_87' title="bbox 936 2607 1740 2684; baseline -0.004 -21"><span class='ocrx_word' id='word_1_532' title='bbox 936 2640 1034 2674; x_wconf 86' lang='lat' dir='ltr'>quam</span> <span class='ocrx_word' id='word_1_533' title='bbox 1060 2607 1185 2662; x_wconf 62' lang='lat' dir='ltr'>l&#39;inteas</span> <span class='ocrx_word' id='word_1_534' title='bbox 1208 2631 1322 2661; x_wconf 79' lang='lat' dir='ltr'><strong>vestes</strong></span> <span class='ocrx_word' id='word_1_535' title='bbox 1345 2627 1553 2671; x_wconf 79' lang='lat' dir='ltr'><strong>intelligunt.</strong></span> <span class='ocrx_word' id='word_1_536' title='bbox 1591 2627 1740 2684; x_wconf 82' lang='lat' dir='ltr'><strong>Euripi·-</strong></span> 
     </span>
     <span class='ocr_line' id='line_1_88' title="bbox 935 2671 1741 2711; baseline -0.005 -1"><span class='ocrx_word' id='word_1_537' title='bbox 935 2677 997 2710; x_wconf 86' lang='lat' dir='ltr'><strong><em>des</em></strong></span> <span class='ocrx_word' id='word_1_538' title='bbox 1023 2676 1085 2711; x_wconf 80' lang='lat' dir='ltr'><strong><em>Or.</em></strong></span> <span class='ocrx_word' id='word_1_539' title='bbox 1121 2675 1221 2710; x_wconf 84' lang='lat'><strong>1387.</strong></span> <span class='ocrx_word' id='word_1_540' title='bbox 1257 2673 1300 2705; x_wconf 85' lang='lat' dir='ltr'><strong><em>de</em></strong></span> <span class='ocrx_word' id='word_1_541' title='bbox 1323 2673 1476 2706; x_wconf 84' lang='lat' dir='ltr'><strong>Helena.</strong></span> <span class='ocrx_word' id='word_1_542' title='bbox 1509 2672 1533 2708; x_wconf 80' lang='grc' dir='ltr'><em>ἁ</em></span> <span class='ocrx_word' id='word_1_543' title='bbox 1567 2671 1606 2708; x_wconf 87' lang='grc' dir='ltr'><strong><em>δε</em></strong></span> <span class='ocrx_word' id='word_1_544' title='bbox 1636 2675 1741 2708; x_wconf 85' lang='grc' dir='ltr'><strong><em>λίνον</em></strong></span> 
     </span>
     <span class='ocr_line' id='line_1_89' title="bbox 934 2716 1739 2767; baseline -0.001 -12"><span class='ocrx_word' id='word_1_545' title='bbox 934 2719 1100 2767; x_wconf 79' lang='grc' dir='ltr'><strong><em>ἡλακάτα</em></strong></span> <span class='ocrx_word' id='word_1_546' title='bbox 1140 2717 1334 2758; x_wconf 83' lang='grc' dir='ltr'><strong><em>δακτύλοις</em></strong></span> <span class='ocrx_word' id='word_1_547' title='bbox 1373 2716 1488 2754; x_wconf 76' lang='grc' dir='ltr'><strong><em>ἕλισσε</em></strong></span> <span class='ocrx_word' id='word_1_548' title='bbox 1520 2724 1587 2753; x_wconf 88' lang='lat' dir='ltr'><strong>etc.</strong></span> <span class='ocrx_word' id='word_1_549' title='bbox 1639 2720 1739 2754; x_wconf 86' lang='lat' dir='ltr'><strong>Voss.</strong></span> 
     </span>
     <span class='ocr_line' id='line_1_90' title="bbox 936 2765 1741 2811; baseline -0.002 -10"><span class='ocrx_word' id='word_1_550' title='bbox 936 2768 1080 2811; x_wconf 79' lang='lat' dir='ltr'><strong><em>Mythol.</em></strong></span> <span class='ocrx_word' id='word_1_551' title='bbox 1105 2767 1301 2807; x_wconf 63' lang='lat' dir='ltr'><strong><em>Forschung</em></strong></span> <span class='ocrx_word' id='word_1_552' title='bbox 1287 2776 1351 2798; x_wconf 79' lang='lat' dir='ltr'><strong><em>tren</em></strong></span> <span class='ocrx_word' id='word_1_553' title='bbox 1374 2777 1408 2809; x_wconf 91' lang='lat' dir='ltr'><strong><em>p.</em></strong></span> <span class='ocrx_word' id='word_1_554' title='bbox 1431 2767 1530 2800; x_wconf 40' lang='lat'>264³</span> <span class='ocrx_word' id='word_1_555' title='bbox 1564 2765 1741 2807; x_wconf 81' lang='lat' dir='ltr'>‚‚H0mer,</span> 
     </span>
     <span class='ocr_line' id='line_1_91' title="bbox 934 2811 1741 2853; baseline -0.004 -6"><span class='ocrx_word' id='word_1_556' title='bbox 934 2813 1064 2848; x_wconf 86' lang='lat' dir='ltr'>Hesiod</span> <span class='ocrx_word' id='word_1_557' title='bbox 1098 2812 1165 2846; x_wconf 90' lang='lat' dir='ltr'><strong><em>und</em></strong></span> <span class='ocrx_word' id='word_1_558' title='bbox 1200 2812 1255 2845; x_wconf 82' lang='lat' dir='ltr'><strong><em>die</em></strong></span> <span class='ocrx_word' id='word_1_559' title='bbox 1281 2811 1463 2853; x_wconf 81' lang='lat' dir='ltr'>folgenden</span> <span class='ocrx_word' id='word_1_560' title='bbox 1488 2811 1741 2844; x_wconf 81' lang='lat' dir='ltr'>Schriftsteller</span> 
     </span>
     <span class='ocr_line' id='line_1_92' title="bbox 939 2856 1742 2894; baseline -0.004 -1"><span class='ocrx_word' id='word_1_561' title='bbox 939 2860 991 2894; x_wconf 85' lang='lat' dir='ltr'><strong><em>bis</em></strong></span> <span class='ocrx_word' id='word_1_562' title='bbox 1016 2871 1060 2893; x_wconf 89' lang='lat' dir='ltr'><strong><em>zu</em></strong></span> <span class='ocrx_word' id='word_1_563' title='bbox 1080 2859 1141 2892; x_wconf 89' lang='lat' dir='ltr'><strong><em>der</em></strong></span> <span class='ocrx_word' id='word_1_564' title='bbox 1156 2858 1475 2892; x_wconf 78' lang='lat' dir='ltr'>Perserherrschast</span> <span class='ocrx_word' id='word_1_565' title='bbox 1497 2858 1626 2890; x_wconf 84' lang='lat' dir='ltr'>kennen</span> <span class='ocrx_word' id='word_1_566' title='bbox 1645 2856 1742 2890; x_wconf 75' lang='lat' dir='ltr'>nicht</span> 
     </span>
     <span class='ocr_line' id='line_1_93' title="bbox 935 2902 1741 2941; baseline -0.006 0"><span class='ocrx_word' id='word_1_567' title='bbox 935 2905 1064 2941; x_wconf 85' lang='lat' dir='ltr'><strong>andere</strong></span> <span class='ocrx_word' id='word_1_568' title='bbox 1081 2905 1238 2940; x_wconf 79' lang='lat' dir='ltr'>Gewebe</span> <span class='ocrx_word' id='word_1_569' title='bbox 1260 2903 1313 2940; x_wconf 79' lang='lat' dir='ltr'><strong><em>als</em></strong></span> <span class='ocrx_word' id='word_1_570' title='bbox 1338 2914 1405 2939; x_wconf 80' lang='lat' dir='ltr'><strong><em>von</em></strong></span> <span class='ocrx_word' id='word_1_571' title='bbox 1424 2902 1632 2938; x_wconf 84' lang='lat' dir='ltr'>Schafvvolle</span> <span class='ocrx_word' id='word_1_572' title='bbox 1656 2903 1741 2937; x_wconf 84' lang='lat' dir='ltr'>oder</span> 
     </span>
    </p>
   </div>
  </div>
 </body>
</html>
