1821 3288
524 88 1163 156 ,ΟΔΤΣΣΕΙΑΣ
1217 90 1273 130 Σ.

1702 94 1756 134 61

151 208 234 252 285
264 201 461 272 ,,κούρη
468 199 693 272 Ἰκαρίοιο,
725 199 946 254 περίφρον
973 196 1275 270 Πηνελόπεια,

266 264 388 316 δῶρα
417 258 496 313 μὲν
525 258 574 309 ὅς
601 256 646 301 κ’
679 257 882 326 ἐθέλῃσιν
907 255 1090 310 Ἀχαιῶν
1117 253 1275 298 ἐνθάδ’
1305 254 1478 306 ἐνεῖκαι,

264 315 442 370 δέξασθ’
473 316 550 368 (ου
574 314 658 369 γάρ
690 314 827 357 καλὸν
856 311 1108 382 ἀνήνασθαι
1137 310 1264 354 δόσιν
1266 312 1453 381 ἐστίν)·

263 374 386 431 ἡμεῖς
416 371 456 416 δ’
486 370 581 415 οὔτ’
613 370 680 415 ἐπὶ
713 370 818 425 ε’ργα
847 367 991 422 πάρος
1017 366 1061 423 γ’
1091 368 1202 436 ι’μεν,
1232 366 1333 412 οὔτε
1362 385 1422 426 πῃ
1454 369 1575 426 ἄλλῃ,

263 433 370 487 πρίν
397 429 446 485 γε’
476 441 522 473 σε
550 432 612 486 τῷ
641 426 867 484 γήμασθαι
895 424 1092 482 Ἀχαιῶν,
1115 422 1234 476 ὅστις
1268 423 1462 480 ἄριστος.
1469 431 1493 452 “

658 553 855 589 afferuntur
878 552 970 588 dona
993 563 1185 598 procorum.

149 651 233 691 290

336 644 419 698 Ὠς
449 643 578 717 ἔφατ’
604 643 850 698 Ἀντίνοος,
878 649 1022 688 τοῖσιν
1052 642 1098 689 δ’
1127 641 1357 712 ἐπιήνδανε
1387 644 1555 694 μῦθος·

263 704 386 758 δῶρα
418 703 461 746 6'
499 700 578 756 α’ρ’
609 701 828 770 οἰσέμεναι
857 702 1052 755 πρόεσαν
1079 701 1255 756 κήρυκα
1285 697 1477 750 ε’,καστος

259 760 464 820 Ἀντινόῳ
496 759 575 815 μὲν
603 759 737 801 ἔνεικε
767 756 903 811 μέγαν
931 759 1195 811 περικαλλέα
1227 755 1409 802 πέπλον,

261 807 486 861 ποικίλον·
521 816 569 858 ἐν
598 814 639 857 δ’
672 811 747 876 ἄρ’
779 813 884 855 ἕσαν
912 815 1097 867 περόναι
1127 811 1392 857 δυοκαίδεκα
1420 815 1556 885 πᾶσαι

262 874 478 944 χρύσειαι,
493 876 663 940 κληῖσιν
699 870 992 924 ἐϋγνάμπτοις
1019 869 1242 925 ἀραρυῖαι.

149 935 232 978 295
265 931 406 985 ὅρμον
437 928 478 972 6’
510 925 760 982 Εὐρυμάχῳ
792 928 1118 998 πολυδαίδαλον
1150 924 1295 970 αὐτίκ’
1326 925 1476 979 ε’νεικε,

261 987 462 1058 χρύσεον,
484 983 772 1057 ἠλέκτροισιν
802 983 1019 1038 ἐερμένον,
1050 982 1199 1038 ηἐἷλιον
1227 982 1297 1032 ω’ς

258 1044 423 1099 ἕρματα
453 1039 495 1085 δ’
523 1039 845 1108 Εὐρυδάμαντι
875 1040 966 1082 δύω
995 1040 1264 1109 θεράποντες
1293 1038 1477 1088 ἔνεικαν,

257 1102 478 1172 τρίγληνα,
509 1097 749 1164 μορόεντα·
781 1113 907 1152 χαρις
939 1095 981 1140 δ’
1012 1095 1288 1152 ἀπελάμπετο
1319 1091 1474 1149 πολλή.

257 1157 306 1201 ἐκ
335 1155 380 1200 δ’
418 1172 506 1225 αρα
537 1153 835 1207 Πεισανδροιο
869 1156 1204 1208 Πολυκτορίδαο
1236 1153 1426 1202 ἄνακτος

146 1218 229 1261 300
257 1216 439 1284 ἰ’σθμιον
468 1211 639 1282 ἤνεικεν
667 1210 888 1264 θεράπων,
909 1211 1170 1282 περικαλλὲς
1201 1209 1401 1265 α’γαλμα·

257 1270 365 1314 ἄλλο
396 1267 439 1313 δ’
472 1267 555 1339 ἄρ’
573 1267 707 1318 ἄλλος
738 1269 885 1337 δῶρον
909 1265 1092 1335 Ἀχαιῶν
1121 1269 1259 1311 καλὸν
1289 1266 1466 1310 ε’-νεικεν

257 1325 285 1382 ἡ
315 1327 394 1398 μὲν
417 1322 555 1398 ,ἔπειτ’
581 1324 785 1397 ἀνέβαιν’
817 1322 1032 1397 υπεριόϊα,
1062 1326 1135 1368 δῖα
1163 1327 1413 1380 γυναικῶν·

256 1388 309 1442 τῇ
340 1382 384 1428 δ’
408 1381 485 1440 α’ρ’
517 1380 593 1439 ἅμ’
624 1380 870 1438 ἀμφίπολοι
899 1382 1062 1438 εφερον
1095 1381 1355 1439 περικαλλέα
1385 1380 1520 1434 δωρα.

127 1558 211 1601 288,
235 1557 316 1593 289.
341 1556 388 1592 cf.
414 1554 460 1603 β’,
486 1555 564 1600 127,
589 1556 624 1591 8.

69 1638 72 1641 ’
127 1638 250 1673 289-
259 1638 340 1673 300.
376 1639 459 1683 τῷ,
498 1635 642 1681 τούτῳ,
679 1633 820 1680 ἐκείνῳ.
846 1655 892 1662 -

81 1682 281 1729 κήρυκα.
307 1695 408 1718 unum
433 1694 547 1717 omnes
566 1684 741 1726 miserunt,
768 1673 893 1717 Medo-

83 1741 170 1765 nem.
195 1742 228 1764 v.
250 1727 406 1771 n'.‚252
420 1733 555 1764 —Am.
579 1731 621 1764 2.
645 1742 799 1774 περικ.
823 1742 873 1764 πε
876 1748 893 1754 -

82 1780 215 1812 πλον.
239 1775 477 1834 περιβόλαιον
495 1774 536 1810 τὸ
562 1774 696 1810 σκέπον
720 1775 787 1811 τόν
813 1773 894 1819 α’ρι-

81 1822 210 1878 στερρν
252 1824 354 1866 ὦμον
385 1821 542 1858 ὄπισθεν
573 1822 634 1856 καὶ
671 1821 895 1867 ἔμπροσθεν,

83 1867 247 1914 συνάγον
286 1867 352 1909 τοὶς
390 1869 460 1904 δύο
500 1867 682 1913 πτέρυγας
728 1871 781 1910 εἰς
823 1868 893 1913 τήν

83 1915 210 1958 δεξιάν
232 1914 415 1972 πλευραν,
442 1914 582 1963 γυμνήν
605 1914 678 1950 ἔων
703 1915 771 1960 τήν
798 1915 892 1957 δεξι-

82 1961 130 1998 οὶν
152 1965 256 2006 χεῖρα
285 1976 317 1997 κ.
351 1960 417 1999 τὸν
441 1974 556 2005 ωμον.
597 1961 647 1995 ita
680 1961 891 2019 explicantes

81 2010 172 2043 haud
203 2008 370 2043 immerito
403 2008 659 2053 reprehendens
699 2008 749 2041 E:
783 2008 818 2042 εἰ
850 2006 891 2042 δὲ

81 2052 202 2089 τοῦθ’
227 2053 347 2095 οὕτως
377 2053 470 2098 ε’χει,
506 2054 637 2098 inquit,
670 2057 705 2089 τί
731 2053 777 2098 δή
800 2066 890 2090 ποτε

80 2100 229 2137 δώδεκα
268 2101 428 2160 περόνας
467 2099 577 2145 ε’χρῆν
620 2099 714 2144 ἔχειν
757 2099 888 2142 αὐτὸν,

79 2149 309 2193 μανδυοειδῆ
348 2146 463 2189 ὄντας
504 2148 610 2183 δοκεῖ
649 2146 695 2191 δὴ
730 2148 890 2191 μάλιστα

79 2197 289 2250 γυναικεῖον
320 2193 471 2239 ἱμάτιον
494 2192 590 2229 εἶναι
614 2191 633 2229 ὁ
661 2192 796 2235 πέπλος
819 2208 888 2229 κα-

80 2255 128 2276 τα
143 2240 190 2276 τοὶ
209 2241 373 2286 Δωρικὰ,
398 2239 543 2285 σχιστὸν
561 2240 619 2275 ἐπὶ
639 2239 737 2283 μόνα
756 2254 801 2275 τα
824 2240 889 2284 ε’μ-

80 2289 266 2331 προσθεν,
299 2289 362 2322 καὶ
395 2286 458 2322 διοὶ
488 2287 600 2322 τοῦτο
625 2287 783 2328 περόνας
807 2287 889 2324 ἐθέ-

79 2337 144 2369 λον
166 2332 313 2375 πολλάς.
341 2333 887 2389 (Ευῐίρ.Ηε<;ι]1).886.·λε’χη

79 2379 120 2417 δε
145 2382 252 2436 φίλια
283 2379 517 2424 μονόπεπλος
550 2382 729 2424 λιποῦσα,
764 2382 888 2425 Δωρὶς

79 2425 130 2468 ὦς
146 2424 250 2471 κόρη.
282 2427 332 2461 ibi
358 2426 886 2486 801101.;αἱΛακεδαιμόνιαι

76 2473 185 2517 κόραι
209 2472 488 2532 διημερεύουσιν
516 2470 671 2515 αζωστοι
697 2488 728 2509 κ.
753 2472 885 2518 οἷχίτω

77 2532 159 2564 νες,
184 2519 371 2563 ἱματίδιον
395 2519 566 2576 ἔχουσαι,
598 2521 885 2564 πεπορπημένον

76 2565 136 2611 ἐφ’
158 2565 330 2611 ἑκατέρου
350 2567 422 2600 τοῖν
439 2564 559 2608 ὤμων.
573 2568 884 2603 ψδυοκαίδε-

76 2627 132 2649 κα
155 2624 323 2654 πασαι,
356 2614 391 2645 in
415 2614 611 2645 universum
635 2614 824 2647 duodecim.
850 2626 886 2648 v.

77 2657 116 2701 ε’,
138 2659 218 2701 244,
242 2658 293 2699 θ’,
317 2660 399 2701 258,
414 2658 534 2702 vigeri
558 2659 709 2705 interpp.
736 2671 813 2694 ann.
839 2661 884 2694 ad

74 2717 110 2758 3,
136 2719 191 2756 10,
214 2713 238 2751 4
262 2716 350 2760 etc.)
374 2717 571 2760 κληῖδες
603 2714 643 2751 δὲ
676 2714 788 2756 ὄπαὶ,
826 2720 884 2752 λε-

73 2761 226 2820 γόμεναι
248 2765 482 2804 κατακλεῖδες
509 2767 637 2819 (germ.
656 2764 806 2807 Oesen),
831 2765 883 2804 εἰς

73 2823 119 2850 ας
142 2809 182 2844 αὶ
204 2809 362 2867 περόναι
377 2811 564 2845 καθίεντο.
588 2822 880 2855 ενγναμπτοι

71 2855 113 2892 δὲ
135 2869 270 2898 αυται,
294 2854 343 2897 ὥς
367 2855 582 2899 επικαμπεῖς
605 2870 637 2891 κ.
659 2860 880 2901 περιφερεῖς

71 2921 115 2929 —
148 2899 310 2949 ὅρμον.
342 2901 387 2948 o',
421 2902 502 2940 459.
535 2921 581 2929 -—
618 2900 815 2950 ἕ.ρματα
846 2916 879 2938 v.

937 1552 979 1587 11.
1004 1550 1049 1596 ξ’,
1073 1554 1152 1589 182.
1177 1556 1213 1588 et
1235 1553 1290 1588 83.
1316 1552 1390 1586 Am.
1414 1551 1438 1585 2
1462 1553 1498 1584 et
1521 1547 1602 1582 Sch.
1617 1560 1629 1583 .·
1653 1547 1751 1592 τρί-

938 1601 1096 1645 γληνα.
1131 1601 1283 1644 τρίκορα
1306 1598 1467 1651 κόσμια,
1490 1594 1625 1632 ἐνώτια
1651 1594 1752 1639 τριό-

939 1649 1110 1691 φθαλμα,
1135 1648 1317 1691 τρίκοκκα.
1341 1656 1431 1689 μορ
1447 1641 1601 1678 όεντα.
1625 1641 1671 1677 τοὶ
1688 1653 1752 1685 με·

938 1707 985 1728 τα
1010 1694 1148 1728 πολλοῦ
1171 1692 1296 1737 μόρου
1320 1705 1353 1726 κ.
1377 1690 1635 1729 κακοπαθείας
1659 1702 1752 1723 κατ-

940 1739 1199 1782 εσκευασμένα.
1218 1759 1262 1766 ——
1282 1739 1329 1774 ἐκ
1346 1757 1389 1763 -
1409 1736 1750 1779 Πεισάνδροιο.

938 1786 1048 1821 intell.
1072 1785 1213 1830 δόμου,
1252 1783 1364 1830 ellipsi
1395 1783 1481 1817 satis
1508 1789 1602 1816 nota.
1627 1800 1675 1807 —
1697 1782 1750 1836 Ε.

940 1832 1150 1889 ἴσθμιον
1183 1832 1223 1868 δὲ
1254 1832 1297 1866 τὸ
1331 1830 1414 1887 περὶ
1438 1828 1504 1864 τὸν
1529 1827 1689 1872 ἰσθμὸν,
1727 1824 1752 1862 ο’

937 1877 1014 1914 ἔστι
1045 1876 1111 1915 τὸν
1134 1879 1336 1923 τράχηλον,
1365 1874 1406 1917 ὃς
1439 1873 1577 1919 ἰσθμὸς
1599 1875 1752 1931 λέγεται

937 1928 1154 1984 πλεονασμῷ
1180 1928 1248 1961 τοῦ
1269 1936 1309 1966 σ,
1337 1922 1388 1965 ὥς
1412 1921 1493 1957 οἷον
1518 1919 1656 1978 ἰθμὸς,
1690 1917 1748 1956 δι’

939 1972 984 2006 οὑ
1020 1973 1137 2007 ἵενται
1168 1971 1215 2008 τοὶ
1251 1971 1360 2006 σιτία.
1404 1969 1579 2004 ἐντεῦθεν
1612 1965 1654 2003 δε
1685 1966 1751 2003 καὶ

937 2020 1150 2075 παρίσθμια
1184 2017 1231 2052 τοὶ
1263 2030 1345 2076 περι
1379 2013 1448 2050 τὸν
1482 2014 1660 2050 τοιοῦτον
1691 2014 1750 2048 ἰσ-

935 2064 1061 2108 θμὸν,
1093 2063 1135 2107 ὃς
1160 2079 1228 2102 ουκ
1262 2064 1360 2100 ἐστιν
1394 2058 1433 2096 ἐν
1457 2063 1602 2117 χρήσει·
1636 2057 1750 2105 ὁγοὶρ

935 2111 1229 2167 περιφερόμενος
1276 2106 1414 2154 ἰσθμὸς
1453 2106 1608 2144 τοπικόν
1649 2105 1750 2143 ἐστιν

936 2156 1068 2212 ὄνομα,
1093 2172 1197 2202 παρα
1223 2156 1264 2194 δὲ
1286 2161 1366 2197 τοῖς
1388 2158 1561 2195 παλαιοῖς
1582 2152 1748 2198 φέρεται,

935 2218 993 2240 οτι
1027 2205 1090 2240 καὶ
1123 2205 1236 2250 μέρος
1277 2218 1314 2239 τι
1350 2201 1519 2245 σώματος
1556 2201 1638 2244 περὶ
1678 2199 1749 2236 τὸν

934 2249 1115 2296 τράχηλον
1157 2252 1327 2295 ἴσθμιον·
1368 2249 1459 2286 ὅθεν
1505 2249 1568 2283 καὶ
1609 2245 1748 2291 κόσμος

935 2301 1185 2342 παρίσθμιος,
1222 2299 1282 2333 καὶ
1322 2308 1503 2340 ποτηριον
1543 2292 1605 2336 δε,
1639 2294 1746 2337 φασὶ,

934 2343 1106 2387 Κύπριον
1131 2343 1292 2380 ἐκαλεῖτο
1328 2343 1494 2386 ἴσθμιον.
1543 2337 1601 2376 ὅτι
1635 2341 1674 2375 δὲ
1705 2339 1746 2375 ἐκ

933 2392 1003 2426 τοῦ
1027 2392 1124 2427 ἰέναι
1137 2389 1370 2435 προϋπάρχει
1388 2390 1456 2424 τοῦ
1483 2388 1627 2431 ἰσθμοῦ
1650 2399 1746 2429 παρ-

933 2438 1078 2482 οἱγωγον
1123 2438 1240 2482 ἰθμὸς
1273 2439 1358 2481 δίχα
1393 2437 1462 2471 τοῦ
1501 2433 1651 2490 πρώτου
1690 2435 1746 2468 σί-

930 2497 1016 2529 yunt,
1041 2486 1156 2529 δῆλον
1178 2486 1240 2519 καὶ
1269 2483 1307 2518 ἐκ
1331 2484 1396 2527 τῆς
1419 2480 1522 2523 παρὰ
1546 2481 1596 2528 τῷ
1611 2477 1746 2516 Οππι-

931 2532 1009 2565 ανοῑ
1044 2532 1108 2574 (et
1138 2531 1214 2576 ipso
1248 2531 1397 2564 Homero
1431 2529 1559 2570 Od>ss.
1573 2517 1634 2568 ζ’,
1655 2526 1744 2583 264)

931 2578 1177 2622 εἰσίθμης.
1215 2576 1382 2620 διαφέρει
1416 2573 1455 2609 δὲ
1489 2575 1643 2629 ἰσθμιον
1677 2569 1745 2615 ὄρ-

929 2636 1003 2667 μου
1034 2624 1129 2659 κατὰ
1160 2623 1251 2664 τούς
1282 2621 1483 2661 παλαιούς,
1531 2615 1590 2654 ὅτι
1621 2615 1641 2655 6
1675 2632 1744 2663 μεν

930 2669 1045 2712 ὅρμος
1068 2669 1288 2715 κεχαλασται
1313 2665 1599 2724 ἐκκρεμάμενος,
1631 2664 1674 2700 τὸ
1702 2664 1745 2701 δὲ

929 2717 1102 2760 ι’σθμιον,
1143 2714 1424 2760 περιτραχήλιος
1462 2709 1506 2749 ὃν
1539 2713 1602 2748 καὶ
1645 2709 1741 2747 αὐτό

929 2763 1080 2807 κόσμος,
1101 2766 1152 2809 τῷ
1170 2762 1336 2809 τραχήλῳ
1350 2757 1579 2819 προσέχεται.
1604 2756 1744 2814 ἄγαλ-

927 2822 988 2854 μα
1016 2808 1084 2854 (γ’,
1107 2799 1175 2846 4¹38
1201 2810 1288 2852 etc.)
1325 2805 1364 2843 δε
1398 2806 1461 2842 καὶ
1496 2804 1667 2842 ενταῦθα
1697 2801 1740 2840 τό

927 2856 1147 2902 ἀγαλλίαμα.
1181 2868 1215 2892 v.
1240 2855 1360 2892 Valck.
1393 2864 1472 2889 ann.
1508 2853 1554 2888 ad
1589 2855 1740 2889 Ammon.

927 2914 961 2949 p.
992 2905 1068 2940 169.
