1821 3288
543 98 1126 153 οΛνΣΣΕιΛΣ
1181 112 1236 154 Φ.

1641 118 1724 160 143

236 221 284 264 έν
326 219 374 264 δὲ
410 212 561 276 κληῖδ’
587 214 689 291 ᾗκε,
718 219 898 275 θυρέων
929 219 975 265 δ’
1001 219 1241 265 οένέκοπτεν
1272 220 1430 280 ὀχῆας,

227 293 338 320 αντα
356 279 667 345 τιτυσκομένη.

728 295 780 321 τα
815 277 860 321 6'
901 277 1139 335 ἀνέβραχεν
1168 277 1272 334 ἠύτε
1305 285 1489 336 ταῦρος,

229 333 498 404 βοσκόμενος
535 338 734 394 λειμῶνι·
765 333 861 378 τόσ’
896 336 1050 391 ε’βραχε
1079 337 1191 379 καλὰ
1223 335 1442 392 θύρετρα,

145 390 200 434 50
228 392 446 459 πληγέντα
470 387 644 466 κληῖδι,
675 391 955 448 πετάσθησαν
985 393 1032 435 δέ
1063 394 1107 436 οἱ
1135 389 1241 436 ὠκα.

229 445 257 501 ἦ
288 447 329 490 6'
363 447 437 503 ἄρ’
469 449 544 504 ἐφ’
575 448 746 520 ὑψηλῆς
778 451 957 500 σανίδος
985 453 1067 505 βῆ,
1099 449 1208 493 ε’νθα
1245 449 1290 493 δὲ
1318 451 1443 506 χηλοὶ

227 503 433 547 ε’στασαν·
463 505 510 548 ἐν
543 505 586 549 6'
622 505 711 558 α’ρα
741 509 840 561 τῇσι
867 505 1046 550 θυώδεα
1073 504 1218 581 είματ’
1251 506 1403 550 ἔκειτο.

227 560 356 603 ε’νθεν
386 560 641 633 ὀρεξαμένη
655 561 741 605 ἀπὸ
771 563 1002 607 πασσάλου
1033 563 1186 607 αινυτο
1216 563 1346 616 τόξον

177 617 197 639 ,ᾳ

228 615 348 672 αυτῷ
377 623 582 677 γωθυΐῷ,
616 637 665 670 Ος
696 636 739 663 Ob
767 621 983 673 περίκειτο
1015 637 1217 692 φαεινθς,

140 674 194 719 55
226 673 404 731 ἑζομένη
436 676 482 719 δὲ
511 680 724 729 καταῦθι,
755 679 915 746 φίλοις
932 677 1001 720 ἐπὶ
1030 677 1218 747 γούνασι
1246 679 1424 730 θεῖσα,

222 735 346 775 κλαῖε
377 733 494 788 μάλα
519 734 696 793 λιγέως,
731 732 778 776 ἐκ
811 732 855 776 δ’
885 731 987 789 ᾕρεε
1016 734 1146 787 τόξον
1176 733 1378 786 ἄνακτος

221 787 250 844 ἡ
281 787 325 832 δ’
359 789 449 833 ἐπεὶ
480 794 563 834 οὑν
591 790 772 845 ταρφθη
800 791 1156 847 πολυδακρύτοιο
1185 790 1337 848 γόοιο,

50 935 117 977 τᾶς
147 933 333 994 βαλανους
365 936 570 992 (pessulos)
604 933 736 978 ἀντίας
749 936 862 992 γίνε-

51 985 144 1018 σθαι
168 987 246 1024 τοῖς
268 985 333 1027 τῆς
355 982 497 1022 κλειδὸς
520 995 692 1040 γόμφοις.
742 980 768 1023 ἢ
792 981 860 1018 αύ-

52 1029 98 1072 τή
124 1030 223 1082 (fort.
246 1028 382 1072 αυτοῦ)
409 1027 565 1072 οἷντικρύ
591 1042 622 1063 κ.
650 1028 860 1073 ἔμπροσθεν

50 1076 118 1118 τῆς
139 1072 262 1119 θύρας
287 1075 445 1116 ἑστῶσα,
477 1089 510 1110 κ
537 1074 657 1116 ου’τως
684 1078 859 1120 στοχαζο-

48 1120 152 1166 μένη.
212 1121 457 1156 immittebatur
500 1122 608 1156 clavis
647 1122 741 1163 loro,
789 1135 859 1166 quo

49 1168 174 1202 fortius
198 1168 328 1202 attrahi
365 1175 425 1202 aut
456 1169 588 1202 retrahi
627 1174 767 1213 possent
791 1169 859 1202 duo

51 1213 197 1259 pessuli3
231 1214 321 1259 quod
354 1215 462 1248 lorum
488 1226 672 1260 appensum
697 1219 774 1248 erat
797 1227 856 1249 an-

49 1261 141 1294 nulo.
190 1261 299 1294 minus
325 1260 507 1306 perspicue
541 1264 604 1294 hac
641 1261 684 1294 de
707 1272 745 1294 re
771 1261 860 1295 dixit

48 1305 80 1340 J.
105 1307 151 1342 H.
176 1307 318 1340 Vossius
343 1319 421 1341 ann.
449 1307 491 1340 ad
518 1309 667 1342 Aratum
695 1318 727 1340 v.
751 1307 790 1344 11.
817 1307 861 1350 ξ’,

50 1354 139 1394 168,
179 1353 313 1386 collatis
353 1353 594 1398 sequentibus,
635 1353 784 1398 itemque
817 1354 858 1390 ll.

47 1397 96 1444 μ’,
130 1400 217 1441 121,
249 1400 330 1434 455.
364 1404 399 1433 et
432 1400 490 1434 56.
525 1419 568 1424 -
616 1399 715 1434 Seh.:
757 1413 812 1434 αν
825 1413 858 1435 ε-

47 1457 230 1503 κὀπτεν.
279 1443 496 1488 οἷνέκρουεν,
522 1444 675 1480 ἆνωθει.
686 1465 731 1470 —-
757 1446 856 1480 Seh.:

50 1491 194 1549 ὀχῆας
218 1491 276 1536 (ΙΙ.
299 1489 348 1535 μ’,
376 1494 440 1527 121
467 1492 562 1536 etc).
610 1493 680 1526 νῦν
711 1491 778 1532 τοὶς
802 1495 858 1528 λε-

0 1574 7 1581 ,
46 1537 205 1584 γομένας
229 1537 416 1594 βαλάνους
440 1552 507 1579 τας
540 1538 577 1573 ἐν
602 1540 651 1585 τῷ
676 1539 857 1593 λεγομένῳ

47 1586 208 1630 χελωνίῳ
241 1584 390 1630 (κοχλὸν
415 1585 503 1619 dixit
527 1585 617 1641 alter
641 1587 713 1619 Am.
741 1585 773 1619 in
799 1598 857 1619 su-

46 1632 249 1682 perietibus·
254 1632 283 1675 )‚
306 1631 390 1666 κατ’
426 1629 577 1674 ἀντικρύ
611 1632 678 1674 τῆς
701 1631 855 1674 κλειδὸς,

47 1677 105 1718 αἶς
114 1679 335 1734 (perperam
367 1678 473 1712 liber:
511 1675 587 1721 ἅς)
618 1691 857 1723 περιαμηιται

45 1738 78 1760 κ.
103 1721 319 1768 ἀνοίγονται
341 1725 428 1769 (scil.
457 1723 495 1758 αἱ
519 1726 668 1768 θύραι).
711 1728 783 1759 Am.
796 1725 834 1758 B.
849 1737 858 1746 ·

45 1769 113 1811 tois
136 1769 334 1817 βαλῶ-,ους
383 1770 421 1806 ἐν
441 1769 570 1806 Ἰλιάδι
603 1769 641 1806 δὲ
678 1769 744 1815 (μ’
771 1771 855 1813 455)

45 1830 135 1858 τους
158 1815 381 1872 μοχλους
418 1837 458 1842 -
494 1817 545 1850 E:
571 1817 612 1853 τὸ
637 1831 693 1852 τα
721 1816 758 1852 δ’
786 1816 856 1852 οἷν-

38 1863 217 1922 έβραχε
263 1864 317 1905 (ll.
351 1860 392 1905 τ’,
430 1864 489 1907 13)
529 1876 857 1919 μετεσχηματισται

46 1908 121 1946 anci
146 1911 214 1945 τοῦ
237 1910 410 1952 θηλυκοῦ
442 1909 572 1954 γένους
605 1913 679 1945 τῶν
711 1912 854 1956 θυρῶν,

45 1954 95 1998 οὖς
118 1955 221 2012 πρὸς
233 1955 280 1990 τοὶ
312 1955 522 2000 ἐπαγόμενοι
558 1955 676 1991 καλα
707 1957 853 2001 θύρε-

42 2016 135 2046 τρα.
181 2001 222 2038 τὸ
250 2001 289 2038 δὲ
314 2005 442 2058 βοσκ
465 2004 667 2046 λειμῶνι
695 2016 855 2048 παρατε-

41 2048 253 2107 τηρημένως
288 2048 381 2094 ἔφη,
417 2063 467 2089 ας
501 2051 572 2084 τοῦ
606 2048 746 2094 ταύρου
771 2049 853 2086 τότε

41 2094 115 2132 υπὸ
141 2096 285 2139 τρυφῆς
305 2094 581 2140 αναβραχοντος
594 2096 763 2140 μαλιστα.
798 2098 852 2131 111-

40 2142 136 2184 dicat
160 2148 270 2176 autem
307 2142 435 2176 stridor
470 2142 556 2186 iste,
593 2144 782 2177 difficulter
813 2155 853 2177 a·

41 2193 158 2234 pertas
200 2201 276 2222 esse
319 2190 413 2222 sores
460 2195 602 2234 propter
645 2190 852 2234 gravitatem

40 2235 216 2269 valvarum
249 2237 486 2277 excelsarum,
524 2236 644 2280 quales
679 2242 759 2269 sunt.
792 2248 852 2270 ae-

41 2281 134 2315 dium
158 2281 336 2325 regalium.
354 2301 399 2305 —
418 2282 663 2326 πληγέντα,
687 2293 852 2326 percussa

40 2327 128 2362 clavi
161 2327 300 2361 fortitu·
334 2327 481 2361 immissa
515 2334 550 2362 et
588 2329 681 2362 velut
715 2330 854 2362 incussa

41 2373 79 2407 in
103 2374 269 2417 pessulum
295 2386 356 2408 seu
382 2380 535 2417 vectem,
572 2375 853 2418 quemadmodum

42 2424 79 2453 et
101 2418 298 2455 ἀνέκοπτεν
323 2420 412 2454 dixit
435 2421 490 2453 47.
502 2440 548 2444 —
576 2422 747 2454 Eichhoff.
773 2433 850 2455 ann.

43 2465 87 2499 ad
111 2465 207 2509 Virg.
241 2468 322 2500 Aen.
349 2468 383 2508 7,
409 2467 488 2502 607.
547 2466 653 2509 (Sunt
687 2468 852 2512 geminae

43 2511 124 2544 beni
149 2516 293 2555 portae,
331 2514 378 2546 sic
411 2513 547 2546 nomine
579 2514 718 2555 oicunt,
754 2513 852 2546 Reli-

41 2558 146 2602 gione
169 2569 290 2592 sacrae
315 2564 349 2592 et
375 2560 472 2592 saevi
487 2560 680 2601 formidine
708 2560 846 2593 Martis.

45 2604 188 2637 Centum
213 2605 309 2636 aerea·
333 2605 501 2639 claudunt
535 2611 648 2639 vectes
685 2611 849 2639 aeterna-

43 2661 107 2694 que
124 2650 216 2692 ferri
240 2651 397 2692 Robora,
421 2663 482 2684 nec
508 2658 619 2685 custos
645 2652 781 2686 abs-istit
805 2653 847 2685 li-

41 2697 132 2729 mine
156 2698 274 2730 Janus.
324 2697 422 2738 Has,
456 2698 515 2731 ubi
543 2704 638 2732 certa
663 2699 758 2732 sedet
782 2710 846 2741 pa—

41 2743 149 2776 tribvs
172 2744 344 2776 sententia
365 2755 526 2787 pugnae,
552 2745 651 2787 Ipse,
682 2745 848 2788 quirinali

39 2789 162 2822 treberi
186 2790 363 2833 cinctuque
390 2790 522 2822 Gabino
548 2792 720 2836 Insignis,
756 2802 847 2823 rese-

38 2839 95 2868 rat
124 2836 310 2868 stridentia
342 2836 464 2869 limina
499 2837 719 2871 (30115111.-
758 2837 847 2870 Tum

39 2881 167 2925 regina
190 2882 313 2922 deum,
349 2884 440 2915 coelo
474 2883 638 2926 delapsa,
672 2888 847 2917 morantes

42 2925 181 2969 Impulit
210 2929 285 2971 ipsa
318 2939 425 2962 manu
456 2934 593 2973 portas,
638 2935 672 2964 et
704 2930 846 2963 cordine

39 2982 134 3009 verso
168 2974 256 3009 Beni
279 2976 435 3018 serratos
466 2975 560 3021 rupit
591 2976 760 3012 Saturnia
782 2987 846 3021 po-

906 936 1026 980 εἰσ-(1.).
1060 961 1083 979 ,‚
1097 937 1187 971 sous
1211 937 1243 972 18
1265 938 1411 991 rapport
1444 936 1490 971 de
1520 934 1721 970 l’harmonio

907 983 1098 1026 imitative,
1136 983 1187 1017 les
1219 995 1298 1017 vers
1335 983 1461 1026 latins,
1497 982 1720 1027 superieure-

907 1035 999 1063 ment
1023 1009 1135 1063 imit’es
1158 1039 1227 1075 par
1247 1029 1373 1063 Milton
1398 1029 1582 1072 (Paradis,
1606 1030 1660 1062 ch.
1685 1029 1720 1069 Ξ,

907 1087 942 1108 v.
977 1076 1060 1120 879)
1097 1081 1134 1109 et
1168 1087 1232 1120 par
1275 1076 1470 1120 Klopstock
1512 1075 1718 1129 (Wessiade,

907 1121 959 1155 ch.
986 1124 1020 1162 9,
1046 1133 1080 1156 v,
1104 1123 1211 1164 750),
1245 1126 1396 1166 peuvent
1429 1133 1468 1156 se
1491 1132 1671 1166 comparer
1698 1132 1719 1153 a

906 1167 1051 1201 l'entree
1075 1168 1120 1202 de
1155 1169 1328 1213 Penelope
1356 1169 1440 1202 dans
1470 1169 1502 1201 le
1527 1168 1634 1212 ὀ8ρόῐ
1657 1166 1719 1200 des

907 1225 1017 1247 armes
1042 1214 1224 1260 (1’ΠΙ)558,
1260 1215 1328 1249 Od.
1354 1217 1420 1257 21,
1450 1212 1651 1250 46—50.“
1672 1231 1718 1237 —-

907 1262 1126 1303 σανίδος,
1161 1260 1431 1304 σανιδιόματος.
1478 1272 1511 1293 ν.
1547 1260 1652 1294 Schn.
1683 1270 1718 1294 v.

906 1309 1021 1347 σανίς.
1071 1307 1218 1342 accessit
1248 1308 1425 1353 Penelope
1461 1307 1504 1341 ad
1529 1307 1718 1341 tabulatum

905 1354 1096 1398 quoddam,
1136 1354 1172 1387 in
1198 1366 1273 1403 quo
1307 1365 1410 1388 arcae
1436 1353 1585 1388 vestium
1618 1356 1718 1387 erant

904 1400 1091 1444 repositae.
1116 1419 1160 1424 -—
1195 1399 1312 1435 ἔνθα
1337 1398 1398 1441 δε,
1423 1398 1452 1435 ε’.
1477 1398 1537 1444 δή.
1560 1419 1606 1424 -
1641 1401 1717 1433 θυ-

904 1445 1032 1481 ωδεοι
1066 1446 1248 1489 εἵματα.
1306 1445 1345 1488 ε’,
1379 1413 1717 1490 264.ηςε111(18113111

904 1498 1040 1527 veteres
1074 1494 1269 1537 unguentis.
1326 1491 1444 1534 cf.6'‚
1484 1494 1715 1528 121818.-

904 1536 996 1574 απὸ
1045 1539 1314 1575 πασσαλου.
1386 1538 1427 1573 ΙΙ.
1465 1537 1508 1580 ε’,
1543 1539 1624 1573 209.
1667 1538 1713 1572 cf.

903 1585 979 1631 Ody
977 1597 1031 1619 ss.
1057 1586 1105 1627 α’,
1128 1585 1197 1621 440
1221 1591 1287 1620 etc.
1312 1605 1358 1611 -
1392 1585 1587 1626 αἴνυτο,
1612 1586 1714 1628 cepit.

902 1629 942 1674 ξ’,
963 1599 1051 1668 )144
1086 1637 1152 1666 etc.
1194 1632 1461 1677 interpretantis
1493 1636 1548 1666 est
1583 1630 1712 1676 εἵλετο,

902 1679 996 1723 quod
1021 1679 1125 1712 habet
1148 1680 1190 1715 A.
1215 1681 1248 1714 1.

946 1746 1003 1783 54.
1052 1747 1240 1781 versiculus
1280 1747 1448 1782 affectus·
1488 1758 1602 1792 neque
1625 1747 1713 1781 enim

902 1793 1092 1827 tolerabilis
1133 1799 1187 1827 est
1220 1795 1428 1835 trochaeus,
1474 1805 1537 1838 pro
1573 1795 1712 1837 dactylo

901 1850 960 1873 seu
984 1840 1136 1895 spondeo
1161 1846 1345 1885 usurpatus
1376 1839 1488 1874 medio
1513 1840 1712 1873 hexametro

901 1885 1014 1932 (-τῷ,
1043 1884 1112 1929 ὅς).
1158 1886 1222 1919 hoc
1247 1898 1421 1930 ponamus,
1450 1886 1599 1920 suadeo.
1634 1883 1712 1920 αύ-

899 1933 960 1975 τῷ
993 1946 1052 1978 τῳ
1080 1932 1291 1977 γωρυτῷ,
1324 1944 1397 1968 una
1425 1944 1500 1965 cum
1523 1933 1627 1965 theca
1648 1933 1713 1966 illa

901 1980 1056 2022 pretiosa
1099 1985 1135 2012 et
1171 1978 1319 2020 celebri,
1363 1979 1398 2012 in
1441 1990 1509 2023 qua
1551 1979 1712 2013 conditus

900 2031 976 2057 erat
1003 2036 1115 2059 arcus.
1165 2025 1285 2058 offecit
1309 2025 1548 2069 articulo-295
1571 2031 1712 2059 antece-

899 2070 994 2104 dens.
1042 2071 1122 2104 sch.
1137 2084 1145 2104 =
1179 2072 1386 2117 γωρυτῷ.
1433 2071 1479 2116 τῇ
1507 2070 1608 2117 θήκῃ
1640 2085 1709 2107 του

898 2115 1024 2159 τόξου.
1082 2120 1168 2162 Ap.
1208 2118 1381 2173 γωρυτὸς.
1440 2117 1473 2174 ἡ
1505 2117 1709 2163 τοξοθὴκη,

899 2163 1013 2198 οἱονεὶ
1035 2177 1215 2208 χωρυτος,
1236 2162 1338 2209 παρὰ
1361 2163 1406 2200 τὸ
1430 2162 1541 2208 τόξον
1562 2169 1709 2210 χωρεῖν.

900 2222 1066 2255 συγγενές
1089 2211 1159 2255 γοέρ
1183 2209 1224 2245 τό
1248 2225 1269 2256 γ
1303 2213 1354 2258 τῷ
1384 2224 1416 2255 χ
1452 2210 1548 2256 [οἷον
1585 2212 1709 2256 χώρη-

898 2270 951 2301 μα
972 2258 1042 2292 τοῦ
1075 2256 1218 2300 τόξου]
1253 2260 1328 2293 τῶν
1362 2256 1464 2302 ἅπαξ
1494 2258 1709 2303 εἰρημένων.

900 2305 945 2340 cf.
971 2304 1073 2337 Schn.
1099 2306 1130 2338 h.
1158 2316 1189 2339 v.
1204 2328 1214 2344 ‚
1248 2305 1306 2338 ubi
1339 2310 1452 2339 tamen
1475 2307 1563 2339 male
1585 2307 1709 2340 miscet

897 2350 1063 2395 γωρυτὸν
1088 2358 1123 2384 et
1148 2349 1347 2395 φαρέτραν.

945 2409 1003 2448 55,
1027 2409 1084 2443 56.
1131 2408 1367 2450 καταῦθι,
1392 2412 1429 2442 ut
1445 2405 1490 2450 κ’,
1513 2409 1582 2444 567
1607 2411 1642 2442 et
1665 2409 1707 2444 ll.

898 2452 942 2496 ν’,
967 2455 1055 2495 653,
1088 2453 1145 2487 ubi
1170 2465 1203 2489 v.
1232 2466 1310 2488 ann.
1336 2455 1447 2488 minus
1472 2456 1558 2489 bene
1582 2455 1704 2490 codd:

898 2499 981 2534 κατ’
1027 2496 1140 2540 αὖθι,
1191 2512 1254 2535 nec
1300 2500 1432 2534 serendi
1471 2506 1552 2534 sunt
1596 2502 1704 2538 Henr.

897 2546 1018 2592 steph.
1060 2551 1096 2580 et
1126 2546 1198 2586 CL,
1242 2546 1303 2601 qui
1338 2547 1626 2592 praepositionem
1660 2547 1704 2582 ad

895 2595 1094 2626 alterutrum
1127 2592 1344 2649 participium
1388 2593 1605 2627 referendum
1638 2605 1705 2639 pu-

895 2645 983 2673 tant.
1014 2660 1059 2665 —
1096 2637 1141 2673 ἐκ
1177 2637 1218 2674 δ’
1249 2638 1361 2684 ᾕρεε
1395 2638 1553 2693 τόξον.
1604 2641 1643 2674 Α.
1669 2643 1703 2675 2.

895 2690 930 2719 et
954 2688 1007 2720 3.:
1032 2683 1182 2729 ἤρετο.
1234 2687 1328 2719 fraus
1362 2685 1556 2730 scripturae
1591 2687 1704 2720 conti-

893 2743 998 2772 nuae,
1031 2733 1221 2775 mendaque
1245 2731 1384 2775 generis
1408 2733 1574 2765 contrarii
1598 2739 1703 2786 atque

892 2777 972 2818 illa,
1009 2779 1063 2811 cui
1095 2778 1192 2812 modo
1224 2776 1383 2810 medicati
1405 2789 1519 2811 sumus
1543 2777 1702 2813 omissam

893 2835 1011 2857 vocem
1035 2823 1172 2858 similem
1206 2823 1439 2865 restituend03
1472 2825 1528 2858 hic
1549 2823 1623 2859 τό·
1645 2836 1702 2859 se-

894 2881 999 2913 quens
1025 2871 1115 2904 sorte
1147 2869 1353 2925 geminatum
1386 2877 1458 2904 est=
1491 2867 1700 2916 ᾕρεετόξον,
1762 2916 1764 2925 ,

892 2915 1150 2961 ἥρεετοτόξον,
1178 2912 1409 2960 ἤρετοτόξον.

939 2974 994 3010 57.
1042 2971 1085 3016 τ’,
1107 2973 1187 3016 213,
1211 2972 1290 3009 251.
