1821 3288
468 99 1079 176 ὀΔΊίὲΣΕΙΑΣ
1136 131 1187 173 Φ.
1587 132 1670 173 161

136 246 156 267 ⁴¹
191 245 266 288 καὶ
295 232 502 294 καθαπαξ
532 242 658 297 ξείνῳ
687 241 869 295 ’δόμεναι
896 239 1001 284 τάδε
1018 238 1131 292 τόξα
1163 237 1391 295 φέρεσθαι.

0 302 10 313 '
72 305 154 348 350
183 299 280 344 ἄλλ’
311 301 370 351 εἰς
399 303 527 342 οἰκον
556 300 686 342 ἰοῦσα
714 298 768 340 τοὶ
797 296 838 341 σ’
868 297 1023 368 αὐτῆς
1036 297 1147 352 ἔργα
1169 296 1337 351 κόμιζε,

193 355 315 400 ἱστόν
344 353 402 409 τ’,
430 354 651 411 ἠλακάτην
679 370 744 404 τε,
774 372 846 398 και
865 353 1167 425 ἀμφιπόλοισι
1195 356 1344 397 κέλευε

188 414 319 466 ἔργον
349 412 617 484 επὸίχεσθαι.Ι
673 409 803 463 τόξον
834 409 874 454 δ’
906 410 1112 481 α’νδρεσσι
1141 410 1329 481 μελήσει

182 473 313 522 πᾶσι,
342 468 532 526 μάλιστα
558 468 617 512 6’
633 467 750 525 ἐμοί·
781 471 862 511 τοῦ
891 469 975 525 γὰρ
1005 467 1162 523 κράτος
1192 466 1282 511 ἔστ’
1311 464 1377 510 ἐνὶ
1407 465 1559 522 οἴκῳ.“

187 572 310 607 introit
333 572 508 618 Penelope
532 583 606 606 cum
629 571 786 614 ancillis,
817 546 1024 618 tandemque
1047 583 1114 617 ope
1137 570 1290 606 Palladis
1313 567 1496 606 obdormit.

257 637 318 682 ‘H
341 640 423 695 μὲν
450 639 721 696 θαμβήσασα
747 639 882 683 παλιν
915 637 1091 683 οἶκόνδε
1120 638 1321 696 βεβήκει·

73 698 156 742 355
184 697 344 748 παιδος
372 713 458 752 γαρ
489 702 639 770 μῦθον
668 698 948 767 πεπνυμένον
977 697 1128 740 ἔνθετο
1158 698 1307 753 θυμῷ.

185 753 228 804 ές
259 751 302 796 δ’
334 752 502 826 νπερῷ’
527 751 759 825 ἀναβᾶσα
761 754 854 796 *σὺν
883 752 1171 808 ἀμφιπόλοισι
1197 741 1370 822 γυναιξὶ

184 814 337 853 κλαῖεν
367 809 502 853 ε’πειτ’
516 808 744 878 Ὀδυσῆα,
777 810 911 863 φίλον
936 809 1086 859 πόσιν,
1118 809 1238 864 ὄφρα
1269 811 1312 853 οἱ
1340 808 1487 853 ὕπνον

185 865 302 923 ἡδυν
330 866 401 911 ἐπὶ
430 865 694 923 βλεφαροισι
722 865 829 922 βάλε
859 869 1108 931 γλαυκῶπις
1130 865 1307 922 Ἀθήνη.

197 969 331 1004 interea
353 969 514 1003 subulcus
539 969 655 1003 aufert
678 979 793 1002 arcum
818 973 854 1002 et
876 967 1047 1013 sagittas,
1079 969 1195 1014 procis
1219 967 1493 1012 indignantibus.

258 1035 414 1091 Αυτοὶρ
440 1036 465 1079 6
495 1035 600 1087 τόξα
628 1034 776 1092 λαβὼν
806 1036 912 1106 φέρε
941 1035 1146 1108 καμπύλα
1175 1038 1270 1087 δῖος
1299 1033 1524 1093 ὑφορβός·

72 1099 153 1140 360
183 1095 426 1150 μνηστῆρες
456 1092 502 1136 δ’
532 1092 620 1148 ἄρα
649 1093 809 1145 πάντες
825 1091 1049 1162 ὁμόκλεον
1078 1093 1126 1137 έν
1155 1093 1422 1149 μεγάροισιν.

183 1151 323 1193 ῶδεδ
328 1150 345 1192 έ
375 1166 440 1199 τις
470 1151 637 1193 εἴπεσκε
665 1150 779 1192 νέων
808 1147 1219 1221 ὑπερηνορεόντων·

262 1209 376 1262 ,,Πῇ
407 1205 478 1275 δή
489 1207 697 1279 καμπύλα
725 1206 831 1257 τόξα
843 1207 1027 1276 φέρεις,
1059 1206 1272 1263 αμέγαρτε
1302 1208 1499 1276 συβῶτα,

69 1286 77 1311 ι
184 1264 395 1319 πλαγκτέ,-
426 1262 525 1319 τοὶχ’
556 1262 613 1307 ἄν
645 1262 692 1306 6³
724 1262 801 1320 ἐφ’
834 1262 959 1307 ὕεσσι
988 1263 1120 1315 κύνες
1149 1264 1295 1320 ταχέες
1323 1262 1597 1315 κατέδονται,

59 1409 138 1447 349.
187 1409 242 1444 Ea
283 1406 326 1443 τὸ
373 1407 605 1455 καθαπαξ
641 1409 724 1447 ἀντὶ
756 1411 828 1446 τοῦ
872 1409 1018 1454 ρίφρων
1042 1408 1295 1454 Πηνελόπεια,
1320 1420 1421 1454 quem
1444 1410 1525 1444 ante
1546 1405 1631 1441 illud
1655 1401 1681 1451 ἡ

14 1457 68 1498 εἰς
107 1454 150 1492 τὸ
185 1453 359 1496 παντελὲς
388 1453 490 1499 ἅπαξ
523 1456 691 1492 ἐνταῦθα
726 1458 825 1514 εἰρῆ-
872 1455 938 1500 μὲν
963 1468 1005 1490 ex
1035 1468 1127 1491 more
1151 1456 1292 1490 Homeri
1315 1461 1450 1489 tantum
1473 1465 1539 1488 non
1560 1462 1682 1486 neces-

18 1505 131 1544 σθαι,
157 1503 404 1560 ιμσημειοῦνται
428 1501 464 1536 οὶ
491 1504 666 1544 παλαιοὶ,
700 1503 825 1548 λέγον·
870 1503 995 1537 sarium
1031 1513 1106 1536 esse
1142 1503 1265 1546 puto.“
1311 1501 1392 1535 mihi
1415 1512 1483 1535 non
1508 1500 1561 1534 sic
1583 1498 1682 1532 vide-

17 1560 76 1607 ξές
107 1547 168 1584 καὶ
200 1547 258 1584 ὅτι
292 1546 380 1583 ουδὲ
412 1548 625 1595 κατάληξις
644 1551 695 1590 εἰς
719 1552 737 1592 ξ
762 1549 824 1585 καὶ
870 1555 940 1589 tur,
961 1549 1021 1582 sed
1047 1549 1229 1582 brevitatis
1255 1551 1358 1593 ροὲῐα
1392 1547 1588 1586 studiosus,
1622 1544 1682 1578 ubi

14 1592 128 1652 ἇρχὴ
141 1588 256 1634 αυθις
300 1593 374 1628 ἄπο
407 1596 479 1629 τοῦ
514 1594 634 1632 αὐτοῦ
668 1595 826 1654 ετέρωθί
870 1605 926 1628 res
950 1600 1073 1638 urget,
1098 1594 1203 1628 intelli
1208 1595 1356 1638 gendum
1381 1592 1600 1627 auditoribus
1623 1601 1683 1624 re-

15 1641 89 1677 πού
112 1638 187 1675 ἐστι
210 1642 312 1684 παρὰ
324 1641 386 1698 τῷ
409 1655 565 1689 ποιητη,
601 1640 683 1678 ἀλλ’
709 1639 732 1688 ἢ
757 1641 825 1687 μό-
870 1641 972 1685 liquit
1005 1640 1089 1674 illud
1124 1637 1172 1680 ὡς
1207 1639 1348 1696 φοξτο,
1372 1645 1410 1674 ut
1443 1639 1531 1672 alias
1572 1637 1680 1680 ε’λεξε,

15 1700 81 1725 νον
114 1686 284 1722 ἐνταῦθα
316 1685 356 1722 ἐν
388 1688 440 1733 τῷ
473 1689 707 1732 καθάπαξ
740 1690 825 1732 ξεί·
871 1687 984 1731 λέγων
1009 1691 1043 1720 et
1066 1686 1202 1721 εἶιιιί.ἰ3.
1251 1699 1285 1720 v.
1315 1683 1361 1728 κ’,
1396 1685 1483 1728 429,
1514 1682 1564 1729 μ’,
1597 1685 1680 1728 207,

17 1746 75 1780 νῳ
120 1732 330 1778 δόμεναι.
378 1739 414 1767 at
448 1746 528 1776 cur,
569 1747 717 1779 quaeso,
755 1741 825 1769 tam
871 1731 916 1773 ν’,
951 1732 1039 1775 374,
1073 1731 1116 1773 ο’,
1158 1732 1224 1773 44,
1264 1733 1352 1774 530,
1387 1731 1490 1765 Schn.
1525 1743 1557 1764 v.
1592 1729 1678 1765 gam.

17 1770 102 1814 dure
125 1780 260 1813 locutus
282 1779 389 1812 fuerit
423 1779 610 1822 Homerus,
645 1792 717 1814 cum
743 1793 825 1826 pos·
872 1779 1007 1823 legerat
1038 1779 1255 1813 versificator
1289 1778 1367 1818 ille,
1411 1777 1567 1834 quisquiS
1600 1776 1681 1817 fuit,

15 1832 70 1861 net
92 1825 236 1860 leniter=
270 1825 332 1859 καὶ
363 1824 540 1868 καθάπαξ
571 1806 724 1869 δόμεναι
754 1828 826 1870 ξεί·
873 1825 912 1866 ε’,
941 1827 1036 1859 116.ε
1072 1822 1119 1864 ὡς
1151 1824 1271 1867 φάτο·
1303 1823 1448 1868 ῥιγησεν
1482 1822 1524 1858 δὲ
1556 1825 1681 1858 Καλυ-

14 1885 89 1917 up,
112 1871 170 1904 vel
193 1870 255 1905 καὶ
283 1871 388 1915 ξείνῳ
412 1874 501 1906 καθ.
526 1871 609 1916 δόμ.
621 1872 640 1905 ,9
663 1885 744 1907 sane
771 1873 826 1907 vel
872 1869 948 1915 ψω,
983 1872 1046 1905 δῖα
1076 1869 1225 1911 θεά-ων,
1266 1875 1300 1904 et
1333 1870 1459 1904 ibidem
1490 1870 1592 1904 171.·
1629 1864 1680 1909 αῖς

15 1919 213 1952 alterutrum
237 1917 354 1951 horum
375 1919 565 1960 ponendum
589 1918 749 1961 arbitror,
769 1919 826 1952 vel
873 1917 997 1960 φάτο·
1023 1917 1168 1961 ριγησεν
1189 1915 1229 1951 δὲ
1244 1914 1427 1956 πολύτλας
1448 1917 1530 1956 δῖος
1543 1913 1678 1950 ’O6v6-

15 1965 97 1998 hoc.
129 1964 192 1998 καὶ
224 1961 402 1998 καθάπαν
426 1964 532 2010 ξείνῳ
557 1971 624 1998 etc.
673 1966 824 2010 scripse·
873 1962 976 2004 σεῦς,
1008 1964 1156 1997 fortasse
1191 1967 1226 1996 et
1261 1962 1344 1996 illud
1376 1961 1485 2002 11.o'‚
1520 1961 1578 1997 34.
1628 1957 1680 2002 αἶς

15 2009 85 2044 rint
113 2007 398 2054 καθαπᾶξείνῳ,
432 2021 529 2048 mox,
565 2016 693 2045 temere
717 2011 825 2054 gemi-
872 2019 992 2054 φατο·
1021 2007 1168 2053 ῥίγησεν
1193 2007 1233 2043 δὲ
1258 2009 1399 2055 βοῶπις
1420 2006 1557 2043 πότνια
1569 2004 1677 2062 “Ηρη,

14 2061 94 2090 nata
117 2055 254 2096 littera,
296 2062 334 2089 ut
365 2066 474 2100 saepe
518 2057 646 2091 factum
686 2057 822 2100 scimus,
870 2066 1013 2100 cumque
1059 2055 1266 2089 meminisset
1311 2066 1417 2099 saepe
1464 2054 1679 2087 occurrentis

14 2098 308 2146 καθάπαξξείνῳ.
869 2105 1094 2146 περίφρονος
1120 2103 1394 2146 Πηνελοπείης,
1427 2100 1507 2134 inde
1540 2112 1678 2141 novum,

61 2148 182 2183 350-
191 2149 270 2182 358.
320 2147 404 2180 haec
439 2146 559 2181 itidem
592 2148 752 2191 leguntur
777 2161 823 2187 α,
870 2148 900 2182 si
925 2149 991 2181 diis
1016 2149 1149 2192 placet,
1174 2147 1379 2181 versiculum
1406 2147 1586 2191 procudit,
1610 2158 1678 2180 non

39 2193 133 2228 56—-
143 2195 230 2234 364,
269 2192 335 2227 nisi
369 2192 461 2246 quod
501 2193 549 2227 ibi
592 2195 822 2227 Telemachus
869 2195 978 2227 minus
1017 2194 1265 2239 explodendum
1309 2204 1410 2237 quam
1444 2193 1547 2225 istum
1590 2193 1678 2226 alius

17 2238 141 2281 μῦθον
164 2219 250 2273 dicit
286 2251 348 2284 pro
382 2237 489 2281 τόξῳ.
539 2246 721 2284 praeterea
746 2240 822 2275 A1d.
868 2241 1043 2284 cujusdam
1077 2240 1209 2273 librarii
1244 2238 1539 2279 Vindobonensis,
1577 2249 1677 2282 quem

17 2286 49 2320 3.
75 2285 177 2320 habet
200 2286 252 2329 τῷ
283 2298 354 2328 γαρ
387 2285 526 2339 κράτος
561 2291 627 2318 etc
678 2287 729 2319 E:
765 2284 823 2321 ὅτι
870 2286 1014 2331 posta',
1038 2287 1116 2321 3⁹49
1141 2286 1292 2319 inserere
1317 2297 1383 2318 non
1408 2283 1588 2326 dubitavit,
1616 2284 1676 2317 iti-

17 2331 237 2375 προαγαγών
267 2330 366 2366 πάνυ
402 2329 610 2374 ἀναγκαίως
643 2329 661 2366 6
687 2345 724 2365 π.
752 2346 822 2376 την
870 2334 943 2366 dem
967 2333 1080 2365 fucum
1104 2331 1234 2365 faciens
1264 2332 1491 2372 Buttmanno,
1516 2329 1578 2363 sed
1603 2342 1676 2364 ma-

19 2379 235 2435 Πηνελόπην
265 2379 331 2422 τῆς
361 2379 666 2435 γυναικωνίτιδος
692 2377 755 2422 ἐφ’
784 2377 823 2414 ὅ·
868 2379 920 2421 gis
945 2378 1114 2412 nobismet
1136 2378 1240 2421 ipsis,
1276 2378 1335 2421 qui
1371 2388 1479 2420 nugas
1504 2377 1589 2410 istas
1615 2387 1676 2409 ex-

19 2434 83 2458 σον
105 2422 236 2468 ἐχρῆν,
271 2425 333 2458 καὶ
368 2422 508 2462 ἀνύσας
533 2421 588 2458 δι’
613 2423 730 2469 αὐτῆς
754 2424 822 2469 τήν
869 2425 979 2468 poiire
1005 2424 1246 2458 studuerimus.
1285 2435 1413 2457 mecum
1432 2427 1539 2457 sentit
1557 2423 1676 2456 Mont-

17 2470 85 2504 τοῦ
107 2469 218 2511 τόξου
240 2468 442 2505 κατάθεσιν
470 2467 706 2512 εὐμεθόδως,
739 2470 819 2506 εἶτα
864 2471 984 2504 belius.

20 2514 212 2574 διαγνοὺς,
247 2514 296 2557 ὥς
330 2515 453 2552 ου’κέτι
484 2518 588 2561 χρεία
613 2515 705 2557 ὅλως
728 2517 818 2553 ταύ-
910 2518 1000 2557 359,
1032 2518 1089 2551 60.
1145 2511 1261 2557 τόξα
1295 2510 1535 2558 καμπυλα.
1592 2514 1674 2555 362,

17 2573 81 2619 της
107 2561 166 2597 ἐπὶ
187 2564 266 2602 τοῖς
303 2562 404 2606 ἑξῆς,
436 2562 616 2598 συστέλλει
651 2564 816 2619 (amovet)
865 2559 899 2599 ι’,
925 2564 990 2597 156
1015 2568 1084 2597 etc.
1105 2581 1150 2586 —-
1176 2562 1311 2602 φέρε,
1339 2561 1545 2602 auferebat.
1556 2577 1601 2585 -
1633 2557 1674 2596 ὁ·-

20 2606 137 2665 αὐτὴν
159 2609 226 2643 τοῦ
249 2610 380 2644 λοιποῦ
413 2608 633 2651 δεξιώτατα·
667 2607 712 2644 ου’
744 2609 819 2653 μήν
863 2606 1082 2662 μόκλεον.
1129 2609 1210 2650 367,
1235 2607 1279 2650 ξ’,
1303 2607 1348 2642 35
1377 2613 1444 2641 etc.

21 2651 81 2696 δε,
113 2652 204 2690 ἄλλα
238 2655 298 2690 και
326 2657 476 2698 κοιμίζει
509 2655 633 2700 βαθὺ,
676 2653 727 2695 ὠς
758 2669 817 2697 αν,
910 2655 990 2689 361.
1038 2651 1083 2699 β’,
1107 2653 1177 2688 324
1199 2658 1264 2687 etc.

19 2699 176 2757 μηδενὸς
205 2713 280 2735 των
314 2702 582 2757 γενησομένων
581 2701 817 2757 αἰσθομένη,
909 2701 1124 2735 362-365-
1192 2696 1434 2743 ἀμέγαρτε
1475 2697 1574 2740 συβ.
1629 2695 1672 2740 ρ’,

22 2743 81 2782 ὅτε
90 2749 285 2804 γίνονται,
317 2748 536 2803 παραδόξως
564 2744 719 2792 ν’στερον
757 2750 819 2783 καὶ
866 2748 943 2781 219.
970 2765 1015 2770 --
1045 2745 1148 2780 Sehoe
1179 2744 1389 2788 πλαγκτέ.
1438 2741 1503 2787 (μ,
1536 2746 1594 2785 61,
1628 2741 1671 2786 o',

22 2789 100 2850 μξΐ
113 2791 334 2849 ἐκπλήξεως
378 2791 623 2838 α’ναγνωρίσοι
662 2808 701 2831 τε
741 2808 820 2838 ααοι
865 2793 961 2835 342)
1009 2791 1228 2834 παραπλήξ,
1252 2790 1320 2836 τὴν
1344 2787 1517 2825 διάνοιαν
1535 2793 1671 2825 πεπλα-

23 2836 85 2874 niv
107 2835 246 2895 ανδρα,
278 2853 309 2874 κ.
333 2839 455 2884 μαθοι
484 2839 709 2882 ἐξολωλότας
731 2842 821 2882 τούς
865 2838 1006 2883 νημένε.
1053 2839 1106 2872 1⁴2:
1148 2837 1191 2872 τὸ
1232 2834 1438 2893 πλαγκτέ
1479 2833 1562 2872 οέντὶ
1601 2835 1669 2870 τοῦ

21 2884 164 2932 κακούς.
218 2887 444 2920 Buttmannus
482 2887 526 2920 ad
566 2888 664 2922 353.
706 2889 820 2928 „Post
866 2884 1061 2929 ἕμπληκτε,
1084 2884 1297 2929 παραπλήξ,
1334 2881 1578 2927 ἢπλαζόμενε
1601 2881 1670 2940 τὴν

44 2941 105 2965 unc
133 2943 263 2966 versum
294 2933 329 2965 in
364 2932 512 2967 Vindob.
550 2934 628 2969 133
678 2914 735 2976 (A
765 2934 818 2978 1)
865 2931 1058 2975 διάνοιαν,
1097 2930 1143 2966 ου’
1176 2931 1248 2974 μὴν
1284 2929 1457 2973 σταθηρέ.
1491 2949 1533 2954 -
1569 2926 1666 2973 ταχ’

33 2976 144 3020 egitur
165 2977 239 3012 hic:
265 2976 330 3017 Ὣς
355 2977 475 3022 φάτο·
513 2978 658 3025 ῥίγησεν
691 2978 731 3016 δὲ
755 2992 819 3016 πε·
865 2976 934 3014 ἄν.
987 2977 1038 3013 sic
1082 2978 1134 3021 E,
1166 2988 1231 3013 nec
1272 2975 1416 3011 ferenda
1446 2980 1498 3010 est
1530 2975 1669 3020 vulgata

58 3023 1394 3072 Houssn.0ntss.111.ll
