1821 3288
504 93 1188 146 EPIGRAMMATA.

1584 94 1669 138 86⁶1

811 279 883 317 IE.

530 354 1164 427 ΕΙΡΕΣῙΩΝΗ

136 594 159 620 *
188 571 344 664 Δοόμα
372 590 784 663 προσετραπόμεσθ’
810 590 975 645 ἀνδρός
1003 591 1112 646 μέγα
1141 585 1417 644 δυναμένοιο,

139 652 161 679 *
189 650 238 702 ὃς
267 650 378 720 μέγα
403 651 481 706 μὲν
510 649 705 703 δύναται,
734 649 843 705 μέγα
873 649 919 692 δὲ
948 649 1096 703 βρέμει
1115 645 1271 718 ὄλβιος
1301 646 1394 688 αἰεί.

195 705 322 751 αὐταὶ
351 707 635 750 ἄνακλίνεσθε
664 706 821 758 θύραι
847 709 1041 776 πλουτος
1069 703 1154 759 γάρ
1184 703 1315 746 ἔσεισι

191 763 366 838 npssds,
397 764 481 808 συν
508 763 683 818 πλούτῳ
715 762 761 805 δὲ
788 763 862 805 καὶ
867 760 1152 830 εὐφροσύνη
1172 761 1396 811 τεθαλυῖα,

142 824 166 865 5
196 821 345 877 εἰρήνη
372 817 411 863 τ’
445 819 612 875 ἀγαθή·
635 818 741 864 ὅσα
771 817 817 861 δ’
848 816 992 873 α’γγεα,
1022 816 1154 870 μεστοὶ
1183 817 1263 872 μὲν
1285 817 1368 872 εἴη,

148 884 167 903 *
197 878 388 947 κυρβαίη
420 876 462 921 6'
495 876 577 920 αἰεὶ
606 874 715 919 κατα
746 875 974 928 καρδόπου
1003 872 1129 928 ἕρποι
1158 874 1284 928 μάζα.

197 937 300 989 [νῦν
327 950 406 990 μεν
435 933 641 988 κριθαίην
671 930 864 974 εὐώπιδα
893 929 1225 999 σησαμόεσσαν.]

197 994 279 1033 τοῦ
307 989 461 1040 παιδὸς
492 989 538 1032 δὲ
565 988 676 1044 γυνὴ
706 986 814 1031 κατα
846 988 1042 1042 δίφρακα
1074 986 1249 1041 βήσεται
1276 983 1427 1039 ὔμμιν,

192 1045 385 1116 ἡμίονοι
398 1043 440 1089 δ’
474 1045 631 1097 ἄξουσι
654 1044 938 1098 κραταίποδες
965 1043 1009 1093 ἐς
1037 1042 1137 1086 τόδε
1167 1043 1312 1096 δῶμα·

114 1110 165 1149 10
199 1101 311 1158 αὐτὴ
341 1100 385 1146 δ’
416 1101 538 1145 ἰστὸν
565 1100 749 1172 υφαίνοι
780 1099 849 1143 ἐπ’
879 1099 1071 1170 ἠλέκτρῳ
1101 1101 1299 1167 βεβαυῖα.

191 1159 349 1230 νεῦμαί
374 1174 454 1209 τοι,
484 1161 641 1212 νεῦμαι
670 1156 899 1208 ἐνιαύσιος,
937 1157 1046 1200 ὥστε
1077 1155 1268 1225 χελιδων

193 1214 342 1271 ἕστηκ’
373 1215 420 1259 ἐν
448 1215 709 1269 προθύροις,
737 1213 842 1268 ψιλὴ
871 1213 1022 1265 πόδας.
1059 1211 1184 1267 [ἄλλα
1213 1209 1319 1309 φέρ’
1349 1207 1458 1262 αἶψα

197 1273 354 1328 πέρσαι
381 1275 442 1328 τῷ
466 1270 704 1315 Ἀπόλλωνι
731 1270 968 1326 γυιάτιδος]

196 1386 274 1437 [Εἰ
301 1383 380 1440 μέν
407 1400 448 1427 τι
478 1381 651 1434 δωσεις·
681 1384 719 1426 εἰ
749 1382 795 1425 δὲ
828 1382 917 1455 μή,
933 1380 1014 1436 οὐχ
1044 1378 1292 1436 ἑστήξομεν·

118 1445 169 1488 15
201 1441 256 1486 οὐ
284 1441 370 1497 γάρ
399 1440 731 1496 συνοικήσοντες
759 1437 917 1482 ἐνθάδ’
948 1437 1173 1493 ἤλθομεν]

801 1677 907 1715 ΙΣΤ.

423 1780 670 1827 ΤΟΙΣ
733 1777 1287 1824 ΑΛΙΕΤΣΙΝ.

570 1899 630 1950 Ὅ
698 1919 828 1965 μη

896 1919 1130 1964 ρος.

188 2001 370 2058 ’Ἄνδρες
403 1999 482 2046 ἀπ’
511 2001 736 2059 Ἀρκαδίης
765 1999 1003 2058 ἆλιήτορες,
1031 1994 1060 2058 ἦ
1091 1999 1140 2057 ῥ’
1169 1999 1320 2057 ἔχομέν
1347 2013 1388 2044 τι
1398 2015 1413 2055 3

76 2128 187 2209 Epigr
189 2127 270 2163 15.
292 2138 325 2161 ν.
342 2127 413 2161 vit.
428 2126 528 2161 Hom.
553 2138 584 2161 c.
601 2125 659 2163 34.
685 2128 720 2160 et
736 2123 834 2159 Suid.

30 2176 54 2212 l.
81 2188 110 2210 ο.
135 2175 179 2209 de
201 2174 267 2208 hoc
289 2175 437 2208 carmine
458 2174 523 2217 Ilg.
557 2172 724 2227 peculiari
747 2171 835 2206 scri-

29 2221 150 2268 ptione
168 2219 346 2277 exposuit,
370 2231 458 2264 quae
475 2219 644 2264 inscripta
662 2223 735 2253 est:
760 2218 835 2253 Εἰ-

32 2281 81 2313 ρε
94 2279 114 2303 6
126 2280 178 2302 ιω
190 2279 245 2310 νη
270 2266 413 2299 Homeri
430 2270 463 2299 et
480 2266 554 2298 alia
566 2266 704 2310 ροὸεεοε
724 2265 835 2298 Grae-

32 2325 148 2349 corum
167 2312 345 2348 mendicae
366 2312 573 2355 specimina,
599 2322 674 2344 cum
698 2311 836 2355 quibus·

34 2360 117 2395 dam
138 2359 245 2393 nostri
272 2358 435 2402 temporis
469 2357 674 2392 carminibus
709 2368 751 2390 ex
773 2357 836 2390 hoe

34 2416 162 2451 genere
183 2409 411 2458 comparata,
437 2401 836 2449 Lips.1792.Pseudo-

33 2453 100 2486 he!
83 2450 178 2485 rand
201 2448 485 2495 παραχειμάζων
509 2447 550 2485 δε
574 2448 613 2484 ἐν
636 2449 682 2494 τῇ
703 2446 836 2505 Σάμω,

34 2499 118 2538 ταῖς
130 2496 350 2553 νουμηνίαις
365 2493 723 2539 προσπορενόμενος,
746 2493 839 2537 πρὸς

33 2542 103 2583 τὰς
134 2542 255 2583 οἰκίας
280 2541 350 2583 τοὶς
370 2541 706 2596 εὐδαιμονεστέρας
728 2537 838 2585 ἑλοίμ-

36 2587 129 2637 βανὲ
150 2601 198 2630 τι,
221 2587 356 2623 ἀείδων
376 2588 423 2623 τοὶ
443 2601 533 2624 επεα
554 2587 655 2629 τάδε,
681 2582 839 2623 α’καλεῖ-

34 2648 98 2671 ται
121 2632 321 2680 εἰρεσιωνη.
356 2631 529 2678 οἱδήγουν
552 2632 593 2670 δε
625 2629 766 2676 αὐτόν,
802 2646 837 2667 u.

39 2682 284 2727 συμπαρῆσαν
308 2674 366 2714 οἷεὶ
386 2681 461 2714 ταῖν
479 2681 627 2716 παίδων
648 2677 744 2720 τινὲς
766 2680 841 2714 τῶν

35 2726 230 2773 ἐγχωρίων.
246 2727 290 2760 de
304 2724 490 2772 εἰρεσιωνῃ
510 2738 545 2761 v.
565 2725 736 2782 Aristoph.
749 2725 841 2761 Plut.

35 2776 145 2816 1050,
162 2774 267 2818 Vesp.
284 2772 354 2807 386
379 2775 446 2808 etc.
459 2790 505 2798 -·
531 2770 841 2827 δυναμένοιο.

35 2820 241 2855 scribamus·
271 2816 531 2861 δαινυμένοιο,
574 2823 611 2853 et
640 2816 752 2876 βρύει
775 2828 840 2863 pro

36 2864 171 2911 βρέμει.
194 2885 241 2893 -
262 2874 366 2899 versu
389 2866 423 2899 6.
449 2863 594 2900 Suidas:
617 2864 775 2908 κυρκαίη
799 2861 839 2897 δ’

38 2911 113 2949 αἰεὶ
153 2910 249 2949 κατὰ
287 2907 432 2956 δόρπου
481 2922 571 2957 ερπῃ
605 2909 717 2956 μάζα.
754 2909 842 2954 113..

877 2125 1038 2173 κνρβαιή
1067 2123 1109 2162 δ’
1133 2125 1209 2162 αἰεὶ
1239 2137 1334 2161 κατα
1363 2137 1398 2160 u.
1432 2121 1539 2168 ερκεα
1571 2120 1682 2168 μάζα,

881 2178 916 2208 et
937 2183 1069 2218 semper
1095 2177 1251 2207 mactrae
1280 2176 1380 2215 septa
1406 2172 1532 2206 arietet
1553 2181 1682 2225 masan,

880 2220 915 2254 h.
949 2231 982 2254 e.
1015 2219 1232 2254 vehementer
1270 2218 1422 2264 agitetur
1460 2217 1605 2252 subacta
1644 2217 1684 2251 in

879 2269 1020 2300 mactra.
1051 2265 1139 2299 male
1167 2265 1253 2309 Ilg.:
1286 2265 1356 2305 „.h
1379 2275 1434 2306 e.,
1464 2263 1494 2297 si
1516 2264 1684 2298 fermento

882 2312 1024 2346 subacta
1060 2310 1186 2352 fuerit,
1220 2314 1317 2344 tanta
1347 2321 1387 2344 se
1421 2308 1558 2344 attollat
1579 2310 1686 2344 vehe-

881 2357 1028 2399 mentia,
1061 2361 1101 2390 ut
1132 2356 1317 2390 verendum
1349 2355 1417 2397 sit,
1450 2366 1493 2389 ne
1523 2359 1686 2390 macttam

880 2406 1028 2457 rumpat.
1039 2403 1065 2422 ‘⁴
1087 2402 1184 2436 mitto
1208 2402 1307 2437 alias.
1328 2420 1374 2427 —-
1396 2412 1518 2436 versus
1541 2402 1576 2436 7.
1598 2412 1686 2436 non-

881 2449 950 2483 nisi
986 2460 1029 2493 ap
1031 2447 1079 2483 ud
1108 2448 1251 2482 Suidam
1285 2448 1449 2489 habetur,
1480 2445 1688 2488 ἀσύστατος

882 2494 943 2528 ille
966 2495 1123 2539 quidem;
1156 2495 1219 2529 sed
1250 2494 1397 2529 fortasse
1419 2493 1600 2528 lacunosus
1631 2497 1688 2528 est

882 2540 942 2575 hic
973 2541 1079 2576 locus.
1109 2559 1152 2566 -
1189 2537 1296 2582 ,,ἔπ’
1329 2537 1545 2594 ἠλέκτρῳ
1576 2540 1687 2585 βδβυ
1750 2543 1756 2545 Α

883 2586 1043 2620 incedens
1082 2586 1121 2621 in
1163 2586 1314 2626 electro,
1355 2596 1422 2631 quo
1455 2585 1687 2629 pavimentum

884 2632 1069 2674 conclavis,
1091 2634 1213 2678 utpote
1234 2632 1268 2666 in
1293 2632 1391 2666 domo
1417 2631 1687 2689 opulentissima,

885 2678 1082 2714 distinctum
1106 2680 1196 2712 estf‘
1218 2679 1252 2711 E
1275 2678 1405 2711 Frank.
1420 2678 1590 2712 —verba
1612 2676 1688 2713 ἄλ·-

886 2722 942 2760 λα
971 2743 1017 2749 -
1046 2724 1203 2770 γυιάτ.
1240 2723 1359 2758 itidem
1393 2722 1518 2758 desunt
1547 2723 1585 2757 in
1623 2722 1688 2757 Vi-

886 2773 924 2804 ta
957 2770 1057 2805 Hom.
1089 2789 1136 2797 --
1173 2768 1228 2805 14.
1262 2773 1298 2804 et
1328 2769 1384 2804 15.
1409 2779 1554 2823 prorsus
1582 2767 1687 2805 alieni

888 2819 979 2857 sunt,
1002 2816 1132 2863 quippe
1149 2814 1286 2850 iambici
1308 2814 1446 2849 senarii.

932 2861 1026 2908 Epig
1027 2874 1054 2896 r.
1079 2864 1134 2899 16.
1155 2873 1189 2896 v.
1218 2860 1288 2895 Vit.
1312 2860 1412 2896 Hom.
1441 2872 1471 2895 c.
1495 2860 1560 2903 35,
1590 2860 1686 2898 Suid

887 2907 912 2944 l.
936 2919 990 2951 c.,
1013 2908 1164 2944 certam.
1187 2906 1328 2944 Homeri
1350 2911 1386 2943 et
1402 2907 1487 2943 Hes.
1509 2917 1630 2942 versus
1652 2910 1685 2943 1.
