1821 3288
100 118 186 160 152

702 108 1103 158 ΟΜΗΡΟΥ

321 237 385 273 spe
409 225 573 262 decidunt
596 238 710 262 omnes
734 226 833 273 proci
856 229 996 273 praeter
1019 226 1206 274 principem,
1232 225 1411 263 Antinoum
1436 229 1473 262 et
1488 226 1753 273 Eurymachum,

237 272 298 319 qui
322 275 433 308 adhuc
457 280 647 308 cessarunt.

337 339 549 411 Ὣςφαθ

632 341 656 385 ὁ
689 338 733 384 δ’
769 338 867 390 αἶψ’
904 338 1075 383 ἀνέκαιε
1104 339 1359 412 Μελανθιος
1387 340 1612 411 ἀκάματον
1647 344 1754 397 πῦρ,

270 396 358 452 πὰρ
393 398 438 441 δὲ
468 401 617 452 φέρων
634 399 810 469 ,δίφρον
837 399 989 452 θῆκεν,
1019 396 1092 440 καὶ
1121 402 1238 448 κῶας
1268 396 1337 441 ἐπ’
1369 396 1520 451 αὐτοῦ,

271 454 318 498 ἐκ
349 454 395 497 δὲ
426 456 601 505 στέατος
632 454 767 496 ε’νεικε
791 453 928 507 μέγαν
956 453 1116 508 τροχόν
1146 454 1275 497 ε’νδον
1304 452 1467 505 ἐόντος.

270 514 334 565 τῷ
363 511 430 580 ῥα
447 511 539 554 νέοι
566 509 812 560 θάλποντες
841 509 1087 562 ἐπειρῶντ’·

1118 509 1172 553 οὐ
1204 509 1248 552 δ’
1281 510 1495 555 ἐδύναντο

162 568 242 614 185
271 565 516 619 ἐντανύσαι,
545 565 710 610 πολλόν
739 566 784 609 δὲ
813 568 932 637 βίης
943 565 1155 616 ἐπιδευέες
1182 562 1306 622 ἦσαν.

265 623 484 674 Ἀντίνοος
515 621 558 666 δ’
587 621 648 665 ἔτ’
684 623 832 678 ἐπεῖχε,
863 622 938 666 καὶ
966 620 1230 676 Εὐρύμαχος
1259 622 1473 691 θεοειδής,

272 679 402 736 αρχοὶ
430 678 709 738 μνηστήρων·
740 680 873 735 ἀρετη
904 677 949 722 δ’
980 678 1085 722 ἔσαν
1116 677 1230 734 ἔξοχ’
1265 678 1448 734 α’ριστοι.

323 782 420 817 domo
453 793 612 826 egressos
644 782 852 817 Philoetium
885 785 922 816 et
945 780 1131 816 Eumaeum
1161 780 1326 816 convenit
1349 780 1511 826 Ulysses,
1544 781 1755 816 voluntatem

240 839 355 863 eorum
380 828 636 873 exploraturus.

357 895 428 938 Tui
461 894 501 939 6'
531 895 574 948 ἐξ
604 897 731 939 οίκου
761 897 904 966 βῆσαν
931 893 1252 950 ὁμαρτήσαντες
1282 892 1358 951 οἶμ’
1390 892 1521 952 ἄμφω

274 953 492 1025 βουκόλος
521 951 597 1008 ἠδὲ
627 952 854 1008 συφορβὸς
882 951 1117 1006 Ὀὁυσσῆος
1149 954 1317 995 θείοιο·

163 1014 245 1055 190
275 1011 323 1052 ἐκ
353 1008 395 1052 δ’
433 1008 565 1059 αὐτός
595 1026 700 1065 μετα
729 1009 833 1060 τοὺς
861 1008 1001 1063 δόμου
1028 1008 1167 1080 η’λυθε
1196 1011 1290 1060 δῖος
1313 1005 1562 1058 Ὀδυσσεύς.

273 1063 374 1110 ἀλλ’
407 1064 479 1108 ὅτε
511 1065 564 1120 δη
598 1066 642 1121 ῤ’
675 1065 795 1115 ἐκτὸς
823 1065 1000 1119 θυρέων
1031 1065 1145 1118 ἕσαν,
1175 1063 1253 1120 ἠδὲ
1283 1065 1356 1108 καὶ
1387 1063 1536 1121 αὐλῆς,

275 1122 578 1190 φθεγξαμενός
603 1121 680 1178 σφ’
713 1121 879 1165 ἐπέεσσι
907 1120 1138 1194 προσηύδα
1170 1123 1432 1177 μειλιχίοισι·

351 1178 600 1232 ,Βουκόλε,
630 1179 703 1222 καὶ
735 1179 802 1229 σὺ,
834 1178 1044 1233 συφορβὲ,
1075 1177 1178 1228 ε’πος
1206 1180 1247 1221 τί
1276 1194 1323 1221 κε
1351 1176 1663 1245 μυθησαίμην]

219 1233 305 1290 *ij*
334 1234 466 1286 αὐτὸς
490 1235 663 1284 κεύθω,-
695 1236 867 1302 φάσθαι
896 1234 942 1278 δέ
975 1250 1026 1289 με
1053 1234 1197 1287 θυμός
1228 1233 1405 1289 ἀνώγει.

165 1293 244 1336 195
273 1294 396 1336 ποῖοί
423 1291 468 1337 κ’
507 1289 585 1336 εἶτ’
613 1290 796 1349 Ὀδυσῆϊ
823 1289 1057 1348 ἀμυνέμεν,
1085 1291 1126 1335 εἴ
1151 1296 1294 1335 ποθεν
1323 1292 1447 1335 ἔλθοι

105 1469 165 1507 ἐπὶ
187 1475 316 1517 τυροῦ,
340 1473 402 1509 καὶ
425 1471 485 1510 ἐπὶ
512 1475 633 1518 κηροῦ
656 1471 697 1510 δε
720 1473 790 1509 τοῦ
816 1485 911 1509 κατα

105 1531 172 1559 τας
198 1521 383 1575 Σειρῆνας
408 1519 475 1564 (μ’,
502 1523 608 1578 173),
645 1520 742 1556 οὕτω
767 1520 829 1556 καὶ
854 1519 912 1554 ἐπὶ

107 1565 268 1607 στέατος.
307 1565 464 1611 ἀρχαῖον
499 1566 539 1602 δὲ
575 1567 663 1608 ἔθος
695 1567 913 1622 τροχοειδῶς

105 1611 168 1646 καὶ
192 1612 240 1647 τὰ
264 1625 321 1648 στε
318 1613 397 1648 ἀτα
417 1612 735 1657 στρογγύλλεσθαι.
762 1614 849 1653 ἴσως
874 1611 912 1647 δε

105 1658 156 1716 τῷ
181 1659 304 1695 στέατι
341 1660 403 1694 καὶ
433 1660 565 1703 πιμελή
597 1660 667 1694 νῦν
692 1663 912 1700 συννοεῖται,

106 1701 159 1739 ὧν
183 1705 366 1750 διαφορα,
392 1704 448 1740 ὅτι
472 1706 579 1748 στέαρ
604 1705 670 1748 μὲν
693 1706 735 1741 τὸ
759 1706 833 1740 τῶν
857 1717 914 1739 κε-

105 1752 330 1796 ρασφόρων,
371 1751 391 1786 ὃ
424 1752 486 1786 καὶ
524 1751 730 1794 θρύπτεται
766 1749 890 1796 ’ψυχθὲ
894 1764 914 1785 ν

107 1798 220 1842 (quod
241 1805 276 1832 et
296 1797 410 1842 frangi
428 1803 541 1842 potest
560 1799 829 1855 refrigeratum),
855 1811 914 1831 πι-

106 1843 195 1888 μελὴ
228 1842 269 1879 δὲ
299 1843 358 1879 ἐπὶ
388 1846 462 1878 τῶν
493 1843 544 1888 μή
578 1843 736 1888 ἐχόντων
769 1844 916 1887 κέρατα.

107 1891 161 1933 (ν.
187 1891 292 1925 Schn.
326 1901 359 1924 v.
386 1890 506 1933 στέαρ.
531 1891 574 1924 de
610 1890 915 1944 proceleusmatico

107 1936 142 1970 in
167 1936 229 1970 hoc
254 1947 383 1980 genere
402 1937 583 1970 carminum
607 1937 676 1970 dixi
702 1948 777 1970 ann.
806 1936 850 1969 ad
875 1933 917 1978 ξ,

107 1983 207 2029 103.)
232 1984 275 2017 τό
302 1981 342 2017 δὲ
365 1981 522 2021 ἔνεικε
544 1980 812 2027 προστακτικὸν
827 1983 917 2028 βοη-

107 2031 181 2064 θεῖ
195 2032 274 2069 τοῖς
296 2025 389 2073 μεθ’
401 2028 571 2073 Ι’Όμηρον
596 2029 677 2074 (imo
698 2028 842 2085 Atticis)
866 2029 919 2084 εἰς

106 2074 177 2119 τήν
203 2075 270 2110 διαὶ
301 2076 371 2112 τοῦ
403 2087 420 2110 ε
450 2075 566 2117 ψιλοῦ
592 2075 742 2132 γραφὴν
775 2074 842 2109 τοῦ
877 2073 918 2108 ε’-

109 2133 259 2179 νεγκε.
291 2141 335 2146 —-
368 2119 635 2163 θαλποντες
659 2119 702 2156 τὸ
727 2118 848 2162 τόξον.
872 2140 918 2145 --

111 2166 255 2214 ἐπιχρ.
273 2165 473 2222 Ηοῖλοιφῇ.
498 2167 541 2212 6,
567 2170 645 2204 178.
670 2164 917 2210 -οἷκάμα-

110 2227 197 2249 τον
229 2214 332 2257 πῦρ.
366 2212 412 2255 ν’,
447 2216 512 2249 123
547 2219 614 2248 etc.
650 2233 696 2239 —
736 2212 918 2249 πολλόν

111 2262 226 2306 βίης
251 2259 524 2301 ἐπιδευέες,
548 2261 650 2293 valde
673 2261 802 2294 roboris
827 2260 918 2292 indi-

111 2308 176 2360 gi,
214 2306 436 2348 debilissimi,
479 2311 517 2340 ut
557 2305 694 2342 πολλὸν
731 2304 921 2346 Ὀδυσῆος

112 2352 208 2408 ὸεύῃ
226 2351 271 2396 α’,
295 2354 374 2387 253.
400 2352 444 2386 cf
469 2353 557 2395 253,
587 2352 631 2394 δ’,
656 2354 700 2387 87
724 2357 790 2386 etc.
817 2352 917 2385 Sch..

113 2397 305 2455 δυνάμεως
328 2398 473 2437 ἐνδεεῖς.
496 2399 626 2433 frustm
650 2402 714 2440 est,
740 2409 815 2431 cum
838 2398 922 2430 haec

114 2445 232 2479 addit.
257 2442 342 2489 ἤτοι
365 2446 433 2479 τοῦ
456 2442 582 2486 τόξου,
610 2443 635 2490 ἢ
658 2445 727 2479 τοῦ
746 2442 922 2479 Ὀδυσσέ-

115 2504 179 2532 ως,
203 2490 480 2547 quemadmodum
504 2495 539 2523 et
563 2491 594 2524 E
619 2496 758 2548 praeter
774 2489 924 2523 necessi-

114 2543 240 2572 tatem:
265 2535 443 2573 πολλὸν
466 2549 536 2579 γαρ
563 2538 677 2593 βίης
702 2536 765 2571 ἐπ.
790 2532 922 2579 ἦσαν,

114 2584 199 2640 τῆς
214 2597 309 2618 κατα
348 2582 415 2618 τὸν
449 2581 631 2618 Ὀδυσσέα
671 2582 836 2626 δηλαδὴ,
874 2594 924 2622 ως

116 2626 199 2674 μετ’
234 2627 335 2674 ὀλίγα
361 2629 466 2673 (953.
493 2633 527 2662 et
555 2629 631 2674 54.)
646 2629 835 2685 δηλοῦται
860 2639 924 2663 σα-

119 2675 212 2730 φῶς
238 2695 284 2700 —-
303 2675 545 2714 Ἀντίνοος
566 2694 611 2700 ——
637 2672 845 2731 ἄριστοι.
877 2674 922 2707 cf.

119 2720 165 2763 δ’,
196 2723 275 2758 628.
301 2723 412 2779 et9.,
445 2719 602 2763 752244,
636 2721 677 2755 Il.
703 2720 739 2762 ι’,
763 2720 831 2757 643
858 2725 923 2753 etc.

118 2769 151 2802 E
175 2767 326 2802 emenda
352 2766 553 2823 ἐπεῖχεν.
593 2766 668 2802 ε’στι
691 2768 762 2802 νῦν
784 2765 924 2809 ἐπέχειν

119 2811 161 2848 vd
184 2812 223 2848 ἐν
247 2816 301 2859 τῷ
323 2810 412 2854 τέως
437 2812 580 2856 ἀργεῖν,
619 2827 652 2848 κ.
679 2812 728 2858 μὴ
753 2812 926 2869 ἐγχειρεῖν

120 2859 225 2904 ἔργῳ.
248 2848 286 2895 ἐκ
309 2872 447 2894 τοιτου
474 2857 514 2894 δε
537 2857 693 2902 ὕστερον
715 2861 777 2895 καὶ
800 2858 837 2913 ,οἱ
861 2857 926 2912 ἐφ-

121 2906 257 2941 εκτικοὶ
293 2906 497 2950 φιλόσοφοι
534 2907 744 2959 (sceptici)
780 2902 928 2950 ω’νομοιυ

122 2954 281 2998 σθησαν.
315 2951 354 2989 ἐν
377 2953 505 2997 μέντοι
529 2951 579 2999 τῷ
605 2952 861 2998 δαιμονίη,
882 2952 927 2987 τί

956 1485 1040 1518 μοι
1063 1471 1252 1517 ἐπέχεις
1277 1471 1348 1518 (τ’,
1371 1471 1465 1517 71);
1491 1467 1617 1515 ἕτερόν
1638 1483 1675 1507 τι
1699 1480 1763 1517 ση-

956 1520 1185 1565 μαινόμενόν
1211 1519 1296 1556 ἐστι.

1008 1567 1084 1601 188.
1112 1568 1271 1612 βῆσαν.
1316 1566 1441 1599 Barna
1477 1562 1636 1609 ἔβησαν,
1670 1561 1764 1607 quod

958 1613 1134 1656 sprevisse
1168 1612 1337 1658 putandus
1371 1615 1424 1642 est
1456 1610 1646 1649 Homerus,
1688 1619 1764 1642 cum

958 1658 1073 1691 taedio
1099 1670 1315 1691 caesurarum
1341 1654 1495 1689 similium
1527 1657 1632 1690 οἴκου
1655 1654 1660 1699 Ι
1683 1654 1766 1700 ε’βη-

960 1715 1027 1738 σαν
1050 1705 1054 1744 Ι
1078 1701 1384 1747 ὁμαρτήσαντεςι,
1404 1706 1473 1734 tum
1491 1708 1674 1746 propterea
1686 1702 1769 1745 quia

961 1750 1135 1794 emphasin
1159 1750 1264 1783 habet
1289 1760 1353 1782 τοι(
1379 1747 1498 1782 οἴκου.
1540 1747 1652 1791 magni
1677 1748 1766 1781 enim

960 1796 1140 1836 intererat,
1165 1807 1253 1829 nunc
1276 1794 1384 1840 ipsum
1409 1799 1566 1837 pastores
1586 1796 1682 1827 domo
1706 1805 1767 1827 ex-

962 1841 1099 1883 cedere,
1125 1853 1191 1886 quo
1208 1853 1266 1875 eos
1285 1839 1485 1874 conveniret
1508 1839 1662 1892 ulysses,
1686 1850 1768 1873 con-

962 1888 1140 1932 siliumque
1165 1887 1206 1921 de
1230 1886 1433 1921 ulciscendis
1457 1885 1571 1930 procis
1591 1884 1706 1920 iniret.
1733 1898 1768 1919 v.

962 1945 1040 1969 ann
1067 1934 1110 1968 ad
1138 1936 1192 1968 11.
1225 1934 1327 1967 Sch.:
1359 1946 1417 1967 τω
1446 1951 1484 1957 -
1511 1931 1678 1976 βησαν.
1713 1932 1768 1973 εἰς

962 1979 1028 2015 τὸν
1051 1979 1246 2022 πρόδομον
1279 1979 1438 2022 ἐξῆλθον
1453 1978 1652 2034 maecum,
1688 1976 1767 2015 ἐπεὶ

962 2028 1089 2072 μακριῦ
1113 2025 1277 2083 πρόσθεν
1302 2025 1383 2069 (90)
1409 2024 1429 2061 6
1453 2020 1639 2066 Ἀντίνοός
1664 2037 1769 2069 φησι,

964 2074 1192 2107 κλαίετον
1236 2069 1544 2113 ἐξελθόντες,
1589 2070 1650 2106 καὶ
1691 2084 1770 2114 αμα

966 2119 1028 2153 ἵνα
1059 2119 1110 2164 τῷ
1133 2117 1312 2154 Ὀδυσσεῖ
1341 2116 1585 2172 συμβάλωσιν.
1626 2117 1677 2156 E:
1712 2117 1773 2155 ὅτι

964 2155 1245 2208 ἀσχολουμένων
1277 2166 1351 2199 τῶν
1374 2163 1595 2221 μνηστήρων
1629 2165 1682 2204 εἰς
1689 2164 1775 2224 τήν

963 2213 1032 2246 τοῦ
1066 2210 1177 2252 τόξου
1209 2213 1343 2254 πεῖραν
1376 2209 1506 2252 καιρόν
1554 2209 1655 2254 ἔσχεν
1689 2209 1771 2249 Ὀδ.

965 2255 1294 2316 α’ναγνωρισθῆνοιι
1323 2260 1402 2298 τοῖς
1433 2254 1593 2298 δούλοις.
1643 2257 1679 2293 οἱ
1704 2260 1776 2304 μὲν

965 2307 1054 2345 οὑν,
1078 2309 1140 2338 οἱα
1166 2304 1281 2360 εἰκὸς,
1304 2304 1557 2359 προεξῆλθον,
1582 2297 1682 2340 οὕτω
1707 2306 1774 2343 δό-

966 2351 1033 2392 ξαν
1058 2348 1202 2393 αὐτοῖς,
1227 2347 1252 2395 ἢ
1275 2351 1337 2385 δια
1362 2350 1500 2396 λύπην,
1526 2345 1546 2395 ἢ
1571 2351 1632 2387 και
1655 2352 1774 2396 αλλως

969 2395 1162 2432 ὁπωσουν.
1176 2416 1219 2422 -
1245 2396 1429 2452 ὁμαρτ.,
1454 2399 1701 2455 convenientes,
1723 2401 1772 2434 si-

967 2443 1033 2477 mul
1058 2442 1218 2499 profecti.
1242 2444 1295 2477 Ε.
1320 2440 1486 2488 ὁμαρτ.
1512 2458 1664 2502 αμφω.
1690 2444 1774 2482 ἀντὶ

967 2489 1038 2523 τοῦ
1068 2488 1145 2532 ἅμα
1178 2486 1401 2545 ὁρμήσαντες
1430 2503 1512 2531 και,
1553 2489 1603 2532 ὥς
1641 2493 1772 2535 εἰπεῖν,

969 2534 1065 2579 ὁμοῦ
1083 2535 1259 2580 ἀρηρότες
1276 2533 1454 2580 ἀλλήλοις.
1479 2539 1565 2582 Ap.:
1586 2537 1774 2582 ὁμαρτεῖν,

970 2586 1180 2626 συντυχεῖν,
1214 2582 1304 2627 quod
1327 2583 1392 2616 huc
1415 2584 1588 2628 pertinere
1611 2585 1777 2620 arbitror.

970 2627 1016 2670 ν’,
1041 2631 1082 2663 87
1108 2635 1174 2662 etc.

1017 2675 1095 2710 194.
1121 2673 1287 2719 quomodo
1311 2673 1448 2716 αὐτὸς,
1482 2675 1586 2720 ipse?
1615 2675 1682 2709 imo
1705 2674 1776 2712 αὗ-

969 2733 1053 2764 uos,
1075 2721 1136 2761 sic,
1157 2725 1195 2753 ut
1218 2721 1330 2754 adhuc
1353 2721 1475 2757 celavi.
1508 2733 1574 2757 uon
1596 2721 1700 2756 semel
1722 2723 1776 2758 ita

971 2771 1120 2801 erratum
1145 2771 1219 2799 est.
1245 2778 1278 2800 v,
1296 2767 1348 2811 β’,
1374 2768 1452 2809 194,
1474 2765 1518 2809 κ’,
1541 2769 1611 2802 300
1633 2773 1702 2804 etc.
1728 2787 1776 2794 -

972 2809 1170 2858 φάσθαι.
1194 2810 1246 2853 θ’,
1270 2814 1350 2855 549,
1374 2814 1415 2847 11.
1441 2812 1488 2858 d,
1509 2794 1580 2848 187
1603 2818 1670 2848 etc.

1020 2859 1129 2893 195-
1134 2859 1211 2893 198.
1236 2856 1340 2902 εἶτε,
1363 2861 1463 2902 εἰέτε,
1487 2859 1594 2903 εἰητε.
1611 2871 1774 2917 syncope.

971 2904 1052 2938 sch.
1078 2904 1132 2938 ed.
1158 2910 1252 2939 anta
1286 2907 1361 2941 ποῦ
1392 2919 1441 2941 αν
1471 2905 1567 2964 εἴητε
1590 2904 1686 2940 κατὰ
1708 2905 1778 2950 τήν

972 2948 1146 2997 γνώμην·
1136 2975 1147 2993 ,
1179 2953 1345 2995 quomodo
1369 2953 1518 2988 animati
1532 2946 1711 2996 [fuer-itis?
1733 2968 1779 2980 -—
