1821 3288
94 75 153 115 34

731 72 1130 116 ΟΜΗΡΟΥ

420 180 477 217 cui
500 183 685 228 propterea
708 187 912 219 succensent
932 184 1044 230 proci,
1067 183 1143 230 ipso
1166 183 1258 219 haud
1282 189 1437 220 curante.

335 248 419 300 Ὡς
447 248 589 305 ἔφαθ’,
620 251 662 294 οἱ
692 250 736 294 δ’
766 251 850 305 άρα
879 252 1036 303 πάντες
1064 251 1349 322 ὑπερφιάλως
1379 252 1643 310 νεμέσησαν·

274 301 356 350 ὧδε
387 305 433 348 δέ
462 323 526 357 τις
556 309 723 351 εἴπεσκε
753 309 864 351 νέων
887 309 1304 378 ὑπερηνορεόντων·

347 361 573 414 ,,Ἀντίνο’,
606 364 660 407 ου’
690 381 769 420 μεν
800 364 897 407 κάλ’
930 366 1078 422 ἔβαλες
1109 366 1326 421 δύστηνον
1357 364 1531 447 άλιήτην,

268 416 482 473 οὐλόμεν’,
515 422 552 462 εἰ
581 421 726 475 δήπου
756 421 819 471 τὶς
850 421 1113 476 ἐπουράνιος
1143 423 1247 473 θεός
1277 422 1412 466 ἐστινΙ

158 477 241 522 485
274 477 348 519 καί
376 492 421 518 τε
450 477 547 519 θεοὶ
578 477 832 528 ξείνοισιν’
816 477 1005 529 ἐοικότες
1034 478 1341 531 ἀλλοδαποῖσι,

265 537 473 576 παντοῖοι
502 536 773 586 τελέθοντες,
804 533 1112 606 ἐπιστρωφῶσι
1139 535 1325 605 πόληας,

268 588 523 643 ἀνθρώπων
552 590 687 646 ὕβριν
715 605 761 632 τε
789 591 864 633 καὶ
893 590 1105 646 εὐνομίην
1134 591 1394 647 ἐφορῶντες.
1399 595 1426 617 “

318 691 412 724 dolet
436 691 546 734 patris
570 690 680 725 vicem
705 692 953 736 Telemachus3
991 693 1167 739 Penelope
1202 694 1349 729 Antinoo
1382 694 1568 729 vindictam
1591 692 1760 741 Apollinis

237 736 459 782 imprecatur.

333 802 417 854 ’.Ως
446 803 516 859 αρ’
545 805 660 859 ἔφαν
687 808 956 862 μνηστηρες·

995 805 1018 851 ὁ
1051 806 1093 850 δ’
1126 804 1210 850 οὐκ
1241 804 1444 862 ἐμπάζετο
1473 807 1643 864 μύθων.

273 861 521 930 Τηλέμαχος
551 861 594 905 6'
629 863 676 905 ἐν
684 863 786 931 Πμὲν
815 865 976 921 κραδίη
1007 864 1115 918 μέγα
1147 864 1311 913 πένθος
1341 864 1433 915 ἄεξε

152 917 235 963 490
266 917 510 972 βλημένου,
542 917 645 962 οὐδ’
677 918 760 972 άρα
791 921 932 975 δάκρυ
961 922 1095 976 χαμαὶ
1124 920 1256 975 βάλεν
1283 920 1329 962 ἐκ
1359 919 1634 977 βλεφάροιιν,

271 973 367 1016 ἀλλ’
400 973 543 1018 α’κέων
571 977 726 1047 κίνησε
758 978 896 1032 κάρη,
925 978 1039 1020 κακά
1069 977 1423 1033 βυσσοδομεύων.

350 1033 442 1073 Τοῦ
473 1031 517 1074 δ’
548 1049 608 1083 ως
642 1038 725 1075 οὐν
755 1033 923 1106 ἤκουσε
947 1035 1178 1088 περίφρων
1212 1034 1507 1088 Πηνελόπεια,

267 1086 488 1159 βλημένου
519 1088 566 1131 ἐν
596 1089 799 1159 μεγάρῳ,
828 1089 923 1145 μετ’

957 1091 1043 1143 α’ρα
1074 1092 1272 1157 δμωῇσιν
1302 1091 1464 1133 ἐᾛειπεν

346 1143 485 1195 ,,Αίθ’
519 1144 659 1195 οὕτως
691 1146 830 1199 αὐτόν
861 1159 907 1190 σε
941 1149 1069 1202 βάλοι
1098 1145 1357 1198 κλυτότοξος
1380 1144 1626 1191 Ἀπόλλων.
1622 1150 1665 1175 '“

160 1201 242 1244 495
273 1199 352 1255 τὴν
384 1200 425 1243 δ’
461 1198 560 1244 αὖτ’
593 1196 835 1272 Εὐρυνόμη
869 1206 1000 1272 ταμίη
1029 1204 1139 1256 πρὸς
1169 1207 1316 1258 μῦθον
1347 1204 1508 1247 ἔειπεν·

348 1259 436 1309 ,,Εἰ
466 1258 551 1313 γὰρ
584 1257 657 1301 ἐπ’
689 1259 850 1315 ἀρῇσιν
880 1260 1000 1310 τέλος
1030 1259 1260 1330 ἡμετέρῃσι
1287 1259 1481 1314 γένοιτο,

269 1310 354 1356 οὐκ
384 1313 439 1356 ἅν
467 1331 532 1365 τις
559 1315 730 1358 τούτων
757 1331 805 1370 γε
835 1314 1057 1372 ἐΰθρονον
1082 1315 1170 1358 Ἠω
1201 1318 1384 1359 ἴ.κοιτο“

351 1372 442 1442 Τὴν
472 1370 517 1415 6'
551 1374 653 1414 αὐτε
682 1373 913 1426 προσέειπε
941 1375 1170 1427 περίφρων
1201 1372 1499 1428 Πηνελόπεια·

269 1457 291 1475 ,
284 1426 410 1481 μαῖ’,
442 1427 592 1484 ἐχθροὶ
623 1429 701 1483 μὲν
730 1428 913 1482 πάντες,
956 1430 1046 1473 ἐπεὶ
1075 1429 1189 1472 κακὰ
1219 1431 1539 1486 μηχανόωνται,

155 1484 239 1529 500
266 1481 489 1537 Ἀντίνοος
523 1485 570 1529 δὲ
598 1485 783 1542 μάλιστα
812 1488 995 1545 μελαίνῃ
1023 1487 1126 1544 κηρὶ
1156 1486 1280 1530 ἔοικε.

142 1628 225 1668 481.
250 1628 403 1687 φ,285.
438 1629 908 1678 νπερφιάλως,νε1ιε-

97 1682 242 1713 menter.
268 1678 315 1719 α’,
339 1680 487 1714 227εῐο.
511 1693 589 1725 νεμ
600 1680 654 1716 έσ.
679 1679 724 1727 β’,
747 1684 813 1718 101
839 1688 906 1717 etc.

144 1723 224 1758 482.
250 1723 295 1770 β,
319 1725 387 1759 324
411 1729 478 1759 etc.

143 1769 340 1806 483—487.
365 1769 417 1804 οὗ
441 1770 565 1814 κάλ’,
601 1785 647 1808 ου
671 1772 788 1815 καλα,
813 1774 847 1808 h.
876 1786 908 1809 e.

97 1817 239 1858 καλῶς,
272 1823 310 1850 ut
340 1817 409 1853 396
442 1823 508 1852 etc.
540 1837 587 1843 —
623 1820 748 1873 scripsi
784 1819 906 1864 δήπου

97 1863 295 1905 conjuncte,
319 1868 357 1896 ut
380 1863 491 1907 εἰπερ,
515 1864 655 1907 μέντοι,
680 1863 784 1900 οὔπω
807 1872 842 1900 et
860 1866 908 1899 si-

97 1908 205 1950 milia,
230 1920 317 1953 quae
340 1909 531 1954 antiquitus
555 1911 722 1945 coaluisse
746 1913 909 1946 aibitror.

97 1952 410 1996 ἐπουράνιος.
433 1957 473 1991 ll.
500 1957 539 1998 ζ’,
560 1959 638 1998 129,
667 1959 746 1998 131,
769 1959 848 1992 527.
864 1978 908 1983 --

97 2002 183 2035 καί
205 2014 254 2036 τε
277 2002 406 2042 θεοὶ,
431 2008 535 2046 atque
558 2004 625 2047 ipsi
648 2003 710 2037 dii.
741 2015 774 2036 v.
799 2004 908 2038 Zeun.

99 2058 176 2080 ann.
203 2048 247 2081 ad
272 2047 388 2092 Viger.
414 2059 446 2092 p.
471 2051 548 2084 520.
576 2069 619 2074 -
643 2053 907 2091 παντοῖοι,

98 2094 296 2149 omnigeni,
329 2095 365 2127 in
399 2105 513 2129 omnes
536 2095 666 2129 formas
689 2096 820 2129 mutati.
855 2097 908 2129 E:

98 2137 142 2174 τὸ
164 2152 294 2175 παντ.
328 2139 489 2183 ἀπορίαν
521 2139 601 2176 λνει
630 2141 734 2183 τινα,
770 2142 833 2177 ι’να
835 2141 907 2196 μή

99 2185 212 2230 τυχόν
236 2182 255 2221 6
275 2184 456 2227 Ἀντίνοος
478 2187 573 2244 εἴπῃ,
598 2186 647 2232 μὴ
672 2185 719 2222 ἂν
743 2186 783 2224 ἐν
806 2186 906 2223 οὕτω

98 2232 268 2278 πτωχικῷ
294 2232 448 2276 σχήματι
477 2233 520 2268 τὸ
552 2236 661 2269 θεῖον
687 2233 908 2279 φαντασθῆ-

99 2281 253 2314 σεσθαι·
281 2279 317 2313 οι
332 2279 400 2323 γάρ
421 2284 657 2315 παντοῖοι
679 2280 908 2316 τελέθον-

99 2337 170 2366 τες
193 2324 254 2359 καὶ
268 2327 403 2369 πτωχοὶ
421 2322 465 2361 ἕὶν
481 2325 764 2371 ἐπιφανοῦνται.
789 2328 907 2362 itidem

99 2370 144 2404 de
164 2371 407 2415 Aegyptiorum
427 2372 494 2406 diis
515 2374 682 2408 nonnullis
701 2374 809 2407 refert
821 2374 907 2408 Dio-

100 2416 204 2454 dorus
231 2424 262 2458 1,
289 2420 356 2460 12.,
380 2424 418 2452 ut
442 2419 495 2452 Cl.
521 2420 667 2461 notavit,
691 2421 826 2454 πᾶσαν
838 2419 908 2464 τήν

102 2462 323 2507 οἰκουμέιην
352 2463 641 2520 ἐπιπορευεσθαι
674 2467 909 2510 φανταζομέ-

101 2521 192 2549 νους
226 2513 306 2550 τοῖς
338 2508 557 2568 άνθρωποις
591 2510 630 2546 ἐν
661 2511 770 2555 ιερῶν
803 2513 907 2555 ζώων

103 2559 289 2611 μορφαῖς,
333 2554 408 2591 ἔστι
440 2556 480 2592 δ’
516 2555 577 2593 ὅτε
610 2558 661 2599 εἰς
693 2557 908 2602 ἀνθρώπων

102 2600 244 2641 ἰδέας”
221 2615 243 2647 η
262 2615 373 2637 τινων
390 2601 508 2638 ἄλλων
526 2603 820 2649 μεταβάλλοντας
839 2611 907 2640 etc.

101 2654 283 2692 praeterea
309 2649 362 2683 Cl.
386 2650 568 2695 adscripsit
591 2651 650 2685 ina
676 2652 796 2685 Ovidii
818 2653 904 2687 Met.

103 2695 144 2734 1,
176 2695 254 2728 212
267 2706 276 2727 =
318 2707 448 2730 summo
481 2698 621 2730 delabor
654 2698 814 2742 Olympo,
860 2700 906 2733 Et

101 2740 186 2772 deus
209 2740 362 2774 humana
386 2743 490 2776 lustro
512 2745 573 2776 sub
596 2745 750 2788 imagine
770 2750 911 2778 terram.

101 2784 190 2818 idem
224 2789 327 2830 poeta
351 2787 439 2823 Met.
463 2790 503 2829 8,
538 2791 637 2825 626..
683 2792 820 2834 Jupiter
843 2791 909 2824 huc

101 2832 212 2874 specie
247 2834 403 2875 mortali,
443 2846 584 2879 cumque
621 2842 769 2878 parente
808 2837 908 2872 lenit

102 2877 324 2911 Atlantiades
345 2881 466 2922 positis
482 2882 661 2924 caducifer
682 2884 750 2915 alis
773 2887 842 2917 etc.
859 2901 905 2909 —

103 2924 254 2958 τελέθ.
278 2923 323 2966 6,
339 2927 463 2961 85etc.
479 2948 524 2955 -
547 2926 905 2974 ἐπιστρωφῶσι,

952 1633 1250 1681 ἐπιστρέφονται.
1263 1654 1307 1661 -
1329 1630 1578 1681 εὐνομίην,
1602 1633 1762 1679 aequita-

954 1689 1034 1719 tem.
1059 1695 1094 1716 v,
1121 1683 1223 1716 Schn.
1247 1683 1281 1716 h.
1306 1693 1341 1716 v.

999 1730 1210 1764 488—490.
1262 1726 1281 1763 6
1307 1726 1375 1771 δε,
1406 1727 1584 1762 Antinous,
1607 1745 1654 1751 -
1687 1724 1761 1770 ἐμ-

952 1775 1142 1817 πάζετο.
1200 1772 1246 1817 α’,
1279 1776 1346 1809 271
1383 1778 1449 1807 etc.
1487 1791 1533 1799 —
1574 1772 1764 1813 πένθος

955 1820 1082 1866 ἄεξε,
1108 1824 1237 1854 luctum
1259 1821 1432 1865 augebat,
1455 1819 1488 1852 h.
1502 1830 1533 1852 e.
1556 1820 1674 1864 magia·
1688 1831 1762 1854 ma·-

952 1869 1076 1913 gisque
1099 1867 1302 1911 indulgebat
1306 1845 1452 1907 bluctui,
1487 1865 1666 1910 indignum
1692 1866 1764 1899 An-

954 1914 1042 1948 tinoi
1072 1914 1207 1948 facinus
1241 1923 1354 1946 secum
1393 1915 1568 1957 reputans.
1630 1911 1676 1945 cf.
1710 1908 1761 1954 λ’,

956 1959 1035 1995 194.
1096 1960 1147 1993 E:
1197 1955 1256 1993 ὅτι
1293 1958 1476 2002 τλήμονος
1509 1957 1761 2013 (obdurantis)

955 2003 1095 2048 ἀνδρὸς
1125 2003 1168 2039 τὸ
1204 2001 1222 2040 6
1260 2004 1364 2039 δεῖνα
1395 2002 1441 2039 ἐν
1471 2015 1559 2059 μεν
1579 2006 1760 2050 κραδίῃ

955 2071 999 2078 -
1031 2049 1426 2106 βυσσοδομεύων.
1467 2069 1503 2074 -
1541 2046 1585 2084 6-
1601 2052 1693 2107 Τηλ.
1719 2052 1762 2088 δὲ

955 2098 1025 2133 νῦν
1050 2110 1147 2133 ουτω
1172 2097 1365 2132 διάκειται.
1415 2095 1576 2131 δείκνυσι
1609 2095 1651 2132 δὲ
1676 2094 1696 2131 6
1720 2110 1760 2133 π.

955 2143 1124 2179 ἐνταῦθα
1155 2145 1217 2178 καὶ
1250 2142 1308 2178 ὅτι
1341 2141 1512 2186 δακρύων
1537 2139 1644 2185 ἄξιον
1670 2142 1762 2178 ἔπα-

951 2193 1022 2226 θεν
1051 2189 1127 2226 ’.Οδ
1186 2188 1256 2232 ἔχει
1299 2188 1339 2225 δε
1374 2189 1417 2224 τὸ
1448 2187 1706 2233 τλησικάρδιον
1738 2187 1759 2226 6

951 2238 1101 2278 νεανίας
1124 2235 1159 2279 ἐξ
1185 2250 1238 2270 ων
1262 2234 1281 2271 6
1305 2235 1427 2286 πατὴρ
1454 2235 1520 2279 (π,
1538 2235 1660 2271 274-
1619 2236 1758 2281 -277)

951 2282 1133 2329 παρῄνεσε
1157 2283 1328 2317 τοιοῦτον
1354 2287 1469 2323 εἰναι,
1500 2282 1536 2317 εἰ
1568 2282 1631 2318 καὶ
1659 2282 1755 2317 aaz&

953 2331 1061 2374 δῶμα
1084 2330 1212 2364 ποδῶν
1237 2328 1395 2371 ἕλκεται,
1428 2326 1452 2373 ἢ
1485 2327 1602 2373 βέλεσι
1631 2329 1758 2374 βάλλε-

953 2390 1027 2411 ται.
1054 2395 1099 2400 —
1122 2374 1377 2430 βλημένου.
1425 2374 1532 2418 genic.
1556 2386 1693 2410 causae.

999 2423 1079 2458 491.
1127 2423 1208 2461 465,
1234 2421 1287 2465 δ’,
1316 2423 1384 2457 677
1408 2426 1475 2455 etc.

1000 2447 1228 2504 494—50'3.
1303 2464 1409 2502 αἶ”θ
1442 2484 1487 2491 ·--
1516 2462 1760 2502 Ἀπόλλων.

989 2515 1100 2557 ,.4Ο9
1119 2533 1161 2538 -
1185 2513 1274 2558 τήν
1293 2533 1338 2540 -
1361 2513 1525 2549 §.scaev
1549 2513 1604 2547 74.
1622 2532 1662 2537 -
1685 2516 1760 2550 Αιιι.

955 2562 1021 2602 Q.=
1045 2561 1089 2595 εἰ
1111 2558 1201 2615 γὰρ
1225 2577 1270 2586 --
1292 2559 1498 2614 γένοιτο.
1545 2559 1580 2593 εἰ
1597 2560 1758 2614 προβαίη

953 2620 1013 2642 επι
1029 2610 1112 2647 ταῖς
1129 2603 1321 2650 ἡμετέραις
1342 2603 1468 2649 ευχαῖς
1485 2601 1531 2639 τὰ
1547 2603 1758 2650 πράγματα.

951 2655 982 2687 εἰ
1003 2659 1084 2686 vola
1104 2659 1222 2686 nostra
1247 2654 1294 2686 ad
1319 2655 1475 2697 effectum
1495 2651 1760 2686 adducerentur.

951 2719 997 2724 —
1021 2697 1274 2742 ἐΰθρονον.
1299 2699 1342 2740 6',
1365 2699 1445 2740 318,
1470 2696 1584 2738 Ιι.θ’,
1609 2695 1758 2732 564etc.

955 2764 1000 2770 —
1024 2749 1155 2790 μαῖα.
1187 2744 1233 2790 β’,
1257 2744 1336 2779 349.
1360 2765 1406 2770 —-
1428 2744 1626 2799 μελαίνῃ
1650 2743 1758 2799 κηρὶ

955 2789 1090 2827 ἐ’.οικε
1137 2804 1170 2826 v.
1197 2803 1273 2825 ann.
1297 2791 1342 2825 ad
1370 2788 1474 2833 11.y'‚
1496 2788 1577 2824 454
1605 2808 1643 2814 -
1668 2757 1756 2834 ἀλή-

952 2851 1068 2873 τευεν.
1117 2839 1252 2872 soloece
1286 2837 1387 2871 libri·
1420 2833 1612 2878 οἷλητεύειε
1644 2846 1755 2880 neque

952 2886 1040 2919 euim
1066 2895 1158 2918 nunc
1173 2883 1318 2928 Ulysses
1343 2881 1498 2917 circumit
1519 2891 1582 2925 per
1607 2880 1754 2921 domum,

949 2936 987 2967 et
1010 2931 1193 2968 ostendunt
1216 2940 1336 2966 versus
1357 2930 1437 2966 503.
1462 2930 1498 2964 et
1520 2926 1575 2971 4,
1608 2926 1754 2963 Penelo-
