1821 3288
0 1935 2 1939 ’
54 1944 122 1979 que
173 1930 293 1964 enervi

59 94 115 136 55

684 91 1093 135 ΟΜΗΡΟΥ

231 201 276 245 οἱ
304 197 350 243 δ’
381 198 563 243 ἔντοσθε
573 199 770 271 δόμοιο,
806 205 957 246 λελῦτο
989 202 1036 246 δὲ
1064 208 1170 259 γυῖα
1199 204 1410 259 ἑκάστου,

229 257 290 306 ὣς
318 259 403 299 νῦν
424 252 538 309 Ἶρος
567 256 734 309 ἐκεῖνος
763 257 834 301 ἐπ’
865 258 1064 316 αὕλείησι
1091 263 1287 317 θύρῃσιν

115 316 199 361 240
226 316 354 383 ἡσται
379 316 630 382 νευστάζων
659 319 855 382 κεφαλῃ,
885 318 1099 369 μεθύοντι
1129 318 1303 369 ἐοικως,

229 369 332 413 οὐδ’
366 369 504 423 ὀρθος
534 375 688 426 στῆναι
718 371 904 414 δύναται
931 374 1080 427 ποσὶν,
1113 374 1216 418 οὐδὲ
1246 377 1423 420 ’νέεσθαι

227 425 392 477 οἴκαδ’,
421 425 508 484 ὅπῃ
542 429 586 471 οἱ
615 428 793 478 νόστος,
824 427 913 471 ἐπεὶ
943 431 1052 485 φίλα
1079 436 1182 486 γυῖα
1210 434 1425 477 λέλυ.νται
1431 441 1454 458 “

301 540 481 574 procorum
504 529 632 575 primus
655 531 897 575 Eurymachus
920 531 1110 566 honorifice
1133 535 1287 580 appellat
1310 535 1476 580 reginam.

294 595 380 648 Ὣς
412 599 456 640 οἱ
483 598 571 666 μὲν
593 600 777 640 τοιαῦτα
805 598 916 652 πρὸς
947 596 1160 666 ἀλλήλους
1191 601 1431 655 ἀγόρευον,

226 653 496 708 Εὐρύμαχος
527 652 571 696 δ’
599 653 766 698 ἐπέεσσι
795 654 1029 710 προσηύδα
1061 659 1385 726 Πηνελόπειαν·

112 712 196 756 245

311 712 508 765 ,,Κούρη
533 709 768 764 Ἰκαρίοιο,
798 714 1019 766 περίφρον
1050 714 1349 769 Πηνελόπεια,

227 768 265 809 εί
293 767 451 817 πάντες
481 778 527 809 σε
556 768 694 810 ι’δοιεν
724 767 797 810 αν’
822 768 972 812 Ἴασον
1003 769 1163 826 ’Ἀργος
1184 770 1374 839 Ἀχαιοὶ,

177 823 404 873 *πλέονές
436 839 484 866 κε
512 827 756 894 μνηστῆρες
786 825 833 868 ἐν
862 824 1112 880 ὑμετέροισι
1142 826 1346 883 δόμοισιν

224 879 372 949 ηώθεν
400 879 619 931 δαινύατ’,
657 882 746 924 επεὶ
775 884 968 936 περίεσσι
997 888 1223 938 γυναικών

227 935 345 988 εἶδός
374 952 437 988 τε,
466 935 652 993 μέγεθός
675 954 742 992 τε,
772 940 837 983 ἰδὲ
867 942 1034 996 φρένας
1063 942 1193 985 ε’νδον
1225 941 1387 997 ἐίσας“

54 1096 165 1141 δηλοῖ
185 1093 345 1139 ὄλεθρον
367 1093 411 1131 τὸ
436 1093 628 1132 νεύοιεν
651 1107 771 1142 κεφ.·
801 1094 865 1133 ‹322-

54 1146 124 1184 λως
146 1141 218 1198 γὰρ
248 1141 350 1177 νεύει
372 1153 428 1182 τις
458 1144 601 1189 κεφαλῇ
631 1143 694 1178 καὶ
725 1157 864 1201 προκα-

53 1188 234 1233 λούμενός
270 1202 378 1229 τινα,
421 1183 461 1243 ἢ
487 1189 703 1224 κατανεύων
741 1189 782 1224 ἐν
813 1191 866 1235 τῷ

54 1235 302 1293 ερωτηθῆναι.
333 1254 379 1259 -—-
419 1231 462 1269 τὸ
501 1233 541 1270 δε
576 1235 740 1271 λέλυτο
774 1237 864 1280 (sic)

54 1281 104 1318 ὁὲ
140 1286 256 1327 γυῖα
288 1279 493 1316 sudeton
525 1282 672 1338 ταυτόν
703 1281 780 1317 ἐστι
812 1284 880 1327 τῷ·

52 1331 222 1370 λυθεῖεν,
262 1326 449 1369 ὁριστικὸν
480 1326 548 1371 μὲν
580 1325 645 1370 όν,
679 1327 790 1363 τεθεν
823 1328 865 1363 δε

54 1374 137 1411 αντὶ
171 1373 359 1410 ευκτικοῦ·
394 1375 481 1414 ἴσως
512 1372 554 1410 δε
584 1376 646 1410 καὶ
683 1373 759 1410 α’πὸ
793 1376 865 1410 του

53 1422 215 1457 λελύοιτο
239 1419 496 1464 συγκέκοπται.
541 1421 625 1464 (hoc
648 1433 731 1455 vere
754 1422 863 1462 dixit3

52 1470 113 1503 sed
137 1469 352 1502 scribendum
377 1471 454 1500 erat
473 1469 612 1507 λελῦτο,
636 1473 674 1500 ut
698 1467 862 1512 scriptum

53 1521 107 1549 est
130 1515 164 1548 in
187 1517 229 1549 A.
254 1513 286 1548 4.
312 1518 348 1546 et
372 1524 478 1553 marg.
503 1513 631 1546 codicis
656 1515 695 1547 A.
722 1515 776 1555 1.,
810 1514 863 1547 si-

53 1562 190 1607 quidem
216 1559 344 1595 λέλυτο
367 1559 510 1592 mediam
532 1559 734 1603 corriperet.
772 1560 863 1605 quod

52 1606 222 1642 intellexit
247 1606 301 1640 cl.
326 1607 366 1639 A.
392 1607 425 1639 2.
458 1610 494 1639 et
528 1606 681 1639 Alterus:
714 1605 861 1641 λέλυντο

54 1666 115 1699 pro
138 1654 312 1693 λελῦντο,
339 1651 550 1692 λελύοιντο,
576 1651 668 1707 quod
689 1653 777 1686 bene
802 1653 866 1686 ha-

53 1702 124 1736 bet.
169 1712 204 1734 v.
227 1698 316 1741 242,
349 1697 399 1741 μ’,
423 1698 511 1738 204,
552 1698 590 1730 Il.
615 1696 663 1741 μ’,
698 1700 764 1733 159
798 1704 865 1734 etc.

53 1746 145 1792 quod
169 1750 284 1780 autem
317 1750 463 1789 quaerat
494 1743 683 1788 quispiam,
720 1756 782 1778 cur
813 1745 864 1778 ita

53 1791 184 1827 dixerit
213 1794 339 1843 poeta,
376 1802 450 1823 cum
486 1795 625 1835 posset.
658 1789 695 1824 οἳ
730 1789 773 1825 δ’
807 1790 865 1825 ε’ν-

52 1842 168 1874 τοσθε
212 1835 352 1880 δόμου,
385 1833 550 1871 λελύοιτο
585 1833 627 1869 δε
655 1839 745 1880 γυῖα
778 1835 864 1871 εκά-

54 1898 166 1927 στου,
190 1883 406 1928 respondeo,
431 1894 507 1916 eum
531 1888 638 1916 metro
664 1884 776 1916 tracto
809 1888 865 1973 at-l-

53 1977 264 2020 υ-υΙυ-
285 1976 333 2018 -)
381 1986 452 2009 rem
507 1974 603 2008 velut
657 1974 866 2019 depinxisse.

53 2025 142 2059 adeo
177 2033 296 2056 verum
323 2025 398 2062 est,
453 2019 555 2054 etiam
588 2025 686 2054 recta
719 2025 754 2053 et
787 2020 866 2064 pul-

55 2082 114 2105 cra
146 2069 294 2115 perdere
334 2066 504 2111 gratiam,
538 2066 568 2099 si
612 2071 692 2099 sunt
731 2067 864 2111 inepta.

39 2118 99 2151 ,de
138 2126 242 2151 sensu
295 2114 412 2147 hozum
465 2113 646 2146 verborum
700 2123 734 2145 v.
787 2123 866 2165 ann.

54 2163 99 2197 ad
143 2162 246 2204 212)
299 2178 345 2184 —
391 2158 433 2193 τὸ
475 2157 514 2193 ὁὲ
562 2155 649 2203 ὅπῃ
703 2158 750 2192 οι
793 2157 865 2193 νό-

55 2221 168 2249 στος
218 2205 390 2250 ερμηνεία
431 2204 503 2240 ἐστὶ
554 2217 622 2239 τον
662 2203 866 2239 νέεσθαι

56 2254 242 2291 οἷ’·καδε
282 2251 455 2290 νόστος
497 2248 565 2295 γὰρ
602 2247 625 2295 ἡ
666 2252 718 2289 εἰς
760 2249 865 2285 οἶκον

55 2297 290 2344 υποστροφή.
348 2297 504 2331 similiter
536 2301 623 2341 Ap·-
657 2295 810 2338 νόστος,
840 2293 864 2342 ἡ

57 2349 109 2387 εἰς
144 2352 249 2383 οἰκον
283 2342 508 2387 ἅνακομιδή.
565 2343 625 2376 sed
658 2344 768 2388 prima
805 2355 865 2377 no-

55 2395 149 2429 tione
173 2404 241 2426 vox
263 2392 351 2425 haec
382 2390 467 2424 nihil
500 2389 591 2423 aliud
615 2390 788 2423 indicasse
812 2389 867 2422 νί-

56 2442 157 2474 detur
181 2450 280 2484 quam
304 2438 468 2476 itionem,
502 2440 537 2468 et
560 2440 725 2478 νοστεῖν,
750 2437 822 2476 irc,
845 2446 866 2468 a

55 2486 172 2522 νέειν·
208 2496 296 2529 quae
329 2482 536 2526 significatio
561 2493 603 2514 ne
628 2488 707 2527 post
731 2482 867 2526 quidem

57 2531 235 2567 obsolevit.
285 2528 492 2562 Favorinus:
517 2529 695 2572 νοστῆσαι
717 2527 776 2562 ἐπὶ
800 2527 866 2562 τοῦ

58 2579 187 2613 οἶκαδε
222 2575 441 2611 ἐπανελθεῖν
458 2575 633 2632 signum:
675 2578 793 2609 κεῖται
828 2571 868 2608 ὁε

57 2621 150 2667 παρ’
174 2621 326 2666 Ομήρῳ
350 2621 412 2656 καὶ
445 2618 527 2654 αντὶ
558 2621 628 2655 τοῦ
656 2618 780 2662 ἁπλῶς
812 2618 867 2655 ελ-

58 2675 158 2706 θεῖν.
217 2681 250 2702 ν.
283 2669 391 2713 Sopb.
426 2668 513 2700 l'bil
547 2666 610 2708 43,
644 2667 750 2700 Phcs.
785 2665 866 2701 403.

60 2729 134 2751 cum
159 2727 236 2749 ann.
262 2714 484 2757 Musgravei‚
510 2713 686 2771 Aristoph.
718 2713 796 2746 Ach.
821 2713 867 2746 29

61 2769 129 2797 etc.
153 2782 197 2787 —
223 2763 294 2796 Am.
311 2762 334 2794 2
344 2739 509 2793 ezemend
525 2757 683 2794 Ἴασον
697 2756 868 2804 Ἄργος.

59 2808 128 2866 τήν
163 2805 469 2850 Πελοπόννησον,
516 2802 588 2840 ἀπὸ
621 2803 763 2846 Ἰάσου,
803 2806 870 2847 τῆς

59 2853 152 2894 Ἰοὗς
176 2852 326 2896 πατρὸς.
372 2853 581 2909 (perperam
607 2851 705 2885 libri.
727 2870 774 2876 —-
804 2852 870 2894 τῆς

57 2899 163 2941 Ἰοῦς.
210 2898 304 2943 πρὸς
337 2897 406 2942 τήν
439 2904 506 2931 etc.
536 2898 679 2931 fefellit
709 2908 869 2941 compen-

62 2948 153 2982 ‹lium
187 2958 282 2990 πρς,
315 2945 406 2990 quod
439 2943 532 2988 πρὸς
567 2944 727 2988 legerunt
757 2943 875 2978 Socho--

910 1097 1035 1134 liastae
1064 1099 1134 1142 illi,
1169 1099 1227 1144 qui
1260 1098 1482 1134 Eustatlnium
1516 1110 1655 1156 quoque
1688 1097 1722 1132 in

911 1156 1005 1179 suam
1020 1145 1223 1179 sententiam
1245 1146 1454 1189 traxerunt.)
1500 1146 1569 1189 τήν
1595 1144 1636 1180 δὲ
1659 1144 1722 1180 καὶ

908 1188 1128 1234 Ἀχαικόν
1154 1192 1245 1234 (sic,
1277 1203 1369 1224 more
1393 1192 1643 1233 recentiorum,
1677 1191 1722 1225 de

911 1248 977 1279 quo
1003 1238 1047 1271 ad
1071 1237 1157 1271 Eu?
1132 1249 1194 1281 τῳ)
1210 1238 1382 1272 E1.1208.
1430 1237 1463 1270 E
1488 1239 1531 1272 ad
1555 1252 1597 1282 γ,
1621 1239 1720 1273 251.:

912 1282 969 1317 ὅτι
1002 1281 1237 1327 Ἀχαιϊκόν
1262 1296 1328 1326 μεν
1363 1282 1399 1317 οἳ
1439 1285 1591 1319 παλαιοὶ
1632 1282 1720 1329 γρά-

911 1342 1059 1373 φουσιν,
1068 1329 1178 1374 'Axon'
1172 1336 1188 1364 ι’
1196 1343 1214 1362 κ
1228 1328 1246 1364 ὸ
1261 1343 1282 1363 ν
1308 1327 1348 1364 δὲ
1361 1343 1397 1364 οι
1415 1328 1507 1371 μεθ’
1521 1328 1721 1387 ““Όμηρον-)

899 1373 1060 1432 Ἀργος
1083 1388 1186 1420 φησι
1200 1379 1384 1420 Πελασγ
1396 1375 1609 1412 ικόνδε’Ἀ
1617 1389 1722 1422 ργος

908 1422 980 1465 τήν
1006 1424 1223 1458 Θεσσαλίαν.
1273 1435 1308 1455 ν.
1332 1391 1384 1456 ΙΙ.γ
1397 1422 1441 1468 β’.
1476 1424 1566 1464 681,
1591 1423 1627 1466 ι’,
1655 1423 1722 1458 141

910 1475 978 1502 etc.
1015 1468 1197 1512 ’'‚Jaoov
1222 1467 1375 1510 ’Ῑασιον,
1400 1475 1437 1502 ut
1460 1468 1612 1503 Romula
1633 1481 1724 1515 gens

909 1526 972 1559 pro
999 1516 1169 1550 Romulea
1194 1520 1262 1549 etc.
1309 1514 1538 1569 Apollodorus
1557 1518 1644 1559 2,1,
1665 1518 1723 1550 3.·
1713 1540 1723 1550 .

899 1560 1031 1605 ’Ἄργον
1064 1561 1105 1597 δε
1136 1562 1200 1597 καὶ
1229 1560 1419 1608 Ἰσμήνης,
1450 1562 1518 1618 ξῆς
1546 1559 1723 1604 Ἀσωποῦ,

908 1613 999 1648 παῖς
1022 1606 1167 1651 Ἴασος,
1211 1609 1257 1642 οὐ
1301 1619 1417 1650 φασιν
1454 1607 1504 1642 Im
1536 1608 1722 1652 γενέσθαι.

909 1656 955 1735 Ξῖ.
967 1655 1169 1735 vHederich.
1207 1659 1243 1688 et
1275 1654 1421 1688 Crusius
1452 1655 1595 1698 mythol.
1633 1655 1720 1689 Lex.

955 1768 1036 1804 247.
1090 1768 1196 1803 MSS.
1235 1767 1349 1802 adhuc
1390 1767 1525 1803 excussi
1565 1771 1601 1803 et
1639 1766 1719 1805 edd.

910 1821 1017 1850 vett.:
1048 1814 1196 1855 πλέονές
1219 1827 1280 1849 κεν
1303 1814 1519 1859 μνηστῆρες.
1565 1815 1722 1860 Stepha-

911 1862 1037 1895 nianae
1062 1867 1097 1895 et
1126 1861 1178 1894 E:
1213 1861 1376 1900 πλείονές
1401 1874 1465 1896 κεν
1497 1874 1558 1904 μν.
1605 1863 1734 1898 omnes]

911 1920 995 1949 κεν,
1029 1919 1095 1941 non
1121 1920 1180 1949 κε,
1213 1907 1307 1952 quod
1339 1909 1385 1941 W
1417 1913 1454 1942 et
1476 1908 1505 1941 B
1530 1908 1722 1953 ponendum

912 1959 1121 1988 censuerunt
1145 1960 1290 1999 propter
1324 1953 1494 1998 duplicem
1525 1964 1722 1995 consonam,

912 2011 1000 2044 quae
1025 2001 1192 2045 sequitur.
1239 2010 1358 2033 verum
1391 1999 1442 2032 sic
1476 2000 1585 2043 magis
1619 1999 1722 2033 etiam

912 2046 1111 2079 oblitterata
1152 2057 1228 2079 esse
1261 2045 1343 2079 mihi
1378 2045 1518 2079 videtur
1549 2044 1722 2090 scriptura

911 2098 1011 2124 vetus
1044 2092 1131 2124 haec
1163 2088 1397 2133 πλείονεσαν,
1431 2103 1530 2135 quam
1563 2091 1733 2136 proclive¹

911 2138 978 2171 suit
1002 2137 1123 2170 mutari
1155 2137 1190 2170 in
1219 2137 1449 2174 πλείονέσκεν
1473 2144 1616 2182 propter
1641 2148 1661 2171 σ
1686 2141 1722 2172 et

911 2197 954 2224 n,
988 2183 1138 2237 itemque
1164 2196 1188 2218 α
1212 2190 1247 2217 et
1271 2196 1306 2226 ε,
1340 2185 1532 2217 litterarum
1563 2183 1721 2216 similitu-

911 2230 1022 2262 dinem
1055 2230 1090 2262 in
1123 2229 1299 2274 plerisque
1330 2230 1441 2264 libris.
1495 2241 1528 2262 v.
1564 2241 1643 2262 ann.
1676 2228 1719 2263 ad

912 2273 957 2322 β’,
983 2275 1101 2317 68‚11.
1128 2275 1169 2317 λ’,
1194 2278 1262 2311 368
1288 2281 1355 2310 etc.
1404 2280 1464 2309 aut
1490 2275 1572 2320 quid
1596 2285 1722 2309 causae

911 2322 1019 2356 fuisse
1060 2321 1229 2363 dicamus,
1278 2334 1339 2355 cur
1379 2322 1479 2356 Hom.
1526 2321 1729 2367 rhythmum

912 2368 1084 2402 horridum
1102 2373 1209 2413 atque
1225 2368 1425 2402 inusitatum
1444 2379 1613 2412 usurpare
1637 2366 1720 2400 mal-

913 2414 962 2448 let
986 2426 1084 2458 quam
1117 2414 1250 2448 facilem
1283 2419 1318 2448 et
1351 2419 1524 2458 apertum,
1557 2414 1661 2457 idque
1684 2413 1720 2446 in

915 2461 1071 2494 oratione
1106 2461 1300 2504 exquisita,
1344 2471 1409 2504 qua
1448 2458 1719 2493 benevolentiam

913 2507 1056 2551 reginae
1102 2507 1350 2551 pulcherrimae
1398 2511 1518 2550 captat
1564 2515 1687 2549 procus
1700 2504 1733 2538 ’ζ’

915 2557 1092 2586 contracta
1137 2553 1270 2598 quidem
1306 2553 1467 2595 „telove
1487 2556 1524 2584 et
1557 2552 1732 2592 πλεῦνες,,

915 2610 1003 2643 quae
1022 2599 1158 2642 jactant
1173 2600 1277 2634 Barn.
1295 2604 1330 2633 et
1347 2598 1422 2641 CL,
1449 2608 1470 2631 a
1494 2600 1617 2643 poetae
1635 2608 1719 2631 con-

911 2644 1094 2678 suetudine
1117 2645 1316 2681 abhorrent.

960 2712 1049 2754 248,
1073 2714 1106 2749 9.
1155 2714 1228 2746 Am.
1265 2713 1328 2746 B.-=
1367 2711 1589 2756 περίεσσι
1624 2710 1729 2768 γνν.’

914 2755 939 2802 ἡ
963 2758 1074 2802 περὶ
1106 2758 1189 2794 ἀντὶ
1221 2759 1289 2795 τοῦ
1321 2757 1601 2801 περισσότερον,
1633 2755 1720 2801 ἤτοι

914 2803 1104 2849 ’ὑπερέχεις
1133 2807 1210 2840 τῶν
1233 2805 1440 2850 γυναικῶν.
1495 2815 1527 2837 ν.
1559 2813 1634 2837 ann.
1672 2804 1730 2837 ad

993 2854 1050 2887 66.
1090 2871 1136 2877 -
1179 2854 1252 2886 Am.
1276 2853 1317 2886 2.
1336 2850 1541 2907 φρένας
1580 2846 1733 2884 ἔνδον

915 2896 1057 2937 ἐΐσας.
1104 2896 1274 2938 ἅκλινεῑς.
1313 2894 1396 2933 ἀπὸ
1429 2898 1503 2932 τοῖν
1524 2897 1662 2951 ζυγῶν
1677 2897 1730 2938 (ω

912 2944 1003 2989 jugo
1021 2944 1146 2989 librae)
1167 2942 1189 2990 ἡ
1213 2943 1419 2990 μεταφοραί.
1465 2938 1489 2988 ἢ
1514 2937 1646 2987 ὁμοίας
1667 2943 1720 2988 τῷ
