1821 3288
102 101 187 143 236

729 99 1125 148 ΟΜΗΡΟῙἼ

159 212 244 255 285
271 209 342 282 τῷ
361 209 436 253 κέν
463 207 508 253 6’
541 205 591 254 εὖ
616 208 842 280 δώροισιν
856 207 1148 279 ἀμειψάμενος
1177 208 1421 265 ἀπέπεμψε,

272 267 348 310 καὶ
383 267 500 334 ξενίῃ
533 266 703 323 οἷγαθῆ·
734 265 761 322 ἡ
791 266 876 320 γὰρ
908 265 1055 337 θέμις,
1085 266 1203 317 ὅστις
1233 266 1414 335 ὑπάρξῃ.

273 321 371 367 ἀλλ’
404 322 480 378 α’γε
509 340 584 396 μοι
611 326 711 366 τόδε
740 322 829 366 εἰπὲ
857 322 930 365 καὶ
960 321 1170 377 ἀτρεκέως
1197 323 1457 393 κατάλεξον,

275 379 443 423 πόστον
473 381 526 436 δὴ
556 381 651 430 ἔτος
681 379 818 430 ἐστὶν,
848 379 919 422 ὅτε
950 379 1160 431 ξείνισσας
1192 379 1379 428 ἐκεῖνον,

278 436 359 479 σόν
391 438 533 488 ξεῖνον
559 436 798 505 δύστηνον,
827 434 936 489 ἐμόν
965 435 1101 487 παῖδ’,
1132 436 1173 479 εἴ
1195 434 1294 478 ποτ’
1325 436 1401 492 ἔην
1419 451 1499 509 ‚7⁵⁹

163 497 247 539 290
278 492 524 564 δύσμορονς
554 492 607 535 ὅν
634 507 724 536 που
752 495 852 546 τῆλε
881 492 1023 561 φίλων
1051 492 1125 535 καὶ
1153 494 1361 563 πατρίᾷος
1391 493 1489 549 αἴης

275 548 327 603 ἦέ
355 566 444 593 που
475 549 522 592 έν
551 547 700 605 πόντῳ
731 548 878 603 φάγον
911 547 1078 618 ἰχθύες,
1107 546 1135 603 ἢ
1164 548 1233 590 ἐπὶ
1261 548 1417 618 χέρσου

275 607 412 661 θηρσὶ
441 605 513 648 καὶ
545 607 769 648 οἰωνοῖσιν
798 605 909 659 ἕλωρ
938 603 1093 659 γένετ’,
1124 603 1227 647 οὐδέ
1257 602 1277 648 5
1306 604 1447 661 μήτηρ

278 666 438 705 κλαῦσε
468 663 790 715 περιστείλασα,
823 660 964 716 πατήρ
994 660 1057 711 θ’,
1089 661 1135 703 οἵ
1160 677 1235 714 μιν
1263 662 1530 716 τεκόμεσθα,

277 718 375 761 οὐδ’
408 718 563 789 α’λοχος
591 719 870 772 πολύδωρος,
900 717 1116 787 ἐχέφρων
1128 717 1423 772 Πηνελόπεια,

163 777 246 820 295
277 773 445 818 κῶκυσ’
479 776 526 817 ἐν
555 775 769 830 λεχέεσσιν
799 774 874 818 ἑὸν
903 774 1052 828 πόσιν,
1084 772 1143 824 ὦς
1172 774 1370 845 ἐπεῴκει,

278 830 539 886 ὀφθαλμούς
568 835 839 875 καθελοῦσα
869 830 920 874 τὸ
948 830 1033 886 γὰρ
1061 830 1190 885 γέρας
1221 830 1308 874 ἐστὶ
1335 829 1580 874 θανόντων.

278 889 354 931 καί
381 903 457 957 μοι
485 887 607 930 τοῦτ’
638 887 880 943 ἀγόρευσον
909 887 1139 943 ἐτήτυμον,
1172 886 1281 942 ὄφρ’
1313 889 1361 930 εὐ
1390 888 1512 930 εἰδω·

277 946 365 994 τίς,
396 944 538 988 πόθεν
568 942 628 996 εἷς
658 944 858 999 ανδρων,
886 945 995 988 πόθι
1026 960 1095 987 τοι
1123 943 1269 996 πόλις,
1301 942 1381 1000 η’ὁὲ
1407 946 1586 1001 τοκῆεςς

230 1006 250 1029 *
280 1004 369 1044 ποῦ
400 1003 446 1044 δὲ
475 1005 586 1056 νηῦς
615 1000 764 1056 ἕστηκε
792 1000 902 1071 θοὴ,
931 1000 960 1073 η’
991 999 1033 1043 σ’
1065 1000 1198 1055 ἤγαγε
1229 1002 1381 1054 δεῦρο,

167 1063 250 1103 300
284 1056 516 1109 ἀντιθέους
545 1057 594 1099 θ’
631 1057 839 1112 ἓταρους;
870 1057 900 1110 ἢ
931 1058 1121 1127 ἔμπορος
1151 1057 1413 1113 εἰλήλουθας

234 1121 253 1144 *
282 1113 387 1171 νηὸς
417 1113 488 1159 ἐπ’
520 1112 774 1172 ἀλλοτρίης,
804 1116 848 1159 οῖ
876 1113 924 1158 6’
955 1113 1216 1173 ἐκβήσαντες
1245 1114 1459 1171 έβησανςίί

110 1281 309 1340 ὑπάρξῃ.
340 1283 651 1341 προκατᾶρξηται.
682 1283 823 1320 Eam-2
848 1281 920 1329 ορα

110 1329 152 1365 τό
184 1329 392 1374 ὑπάρξει
426 1332 513 1376 (sic)
548 1330 632 1367 ἀντὶ
663 1333 732 1366 τοῦ
755 1344 920 1375 προκατ-

111 1376 213 1432 ἄρξει
248 1376 347 1413 οὕτω
378 1380 498 1416 καλῶς
528 1393 562 1414 κ
594 1378 842 1434 πρωτοθέτως
865 1381 920 1414 λε-

110 1423 271 1481 γόμενον
301 1423 402 1467 παροὶ
438 1424 514 1458 τῶν
546 1425 734 1466 παλαιῶν,
769 1421 857 1468 ὅπερ
883 1423 920 1459 οἱ

109 1467 204 1517 μεθ’·
213 1468 384 1528 Όμηρον
401 1471 462 1506 καὶ
481 1483 675 1527 καταρχειν
695 1472 828 1515 φασίν·
849 1468 921 1514 ἀφ’

112 1517 165 1549 ὠν
197 1517 260 1550 καὶ
285 1515 317 1573 ἡ
349 1515 510 1573 καταρχὴ
535 1520 611 1552 τῶν
633 1516 746 1560 ἔργων
783 1517 856 1560 [καὶ
882 1516 919 1561 ἡ]

111 1562 322 1606 υπαρχὴ,
347 1577 398 1603 ως
421 1564 531 1606 δηλοῖ
550 1564 612 1599 καὶ
637 1564 678 1599 τὸ
705 1561 750 1605 ἐξ
773 1577 917 1606 υπαρ-

111 1610 207 1653 χῆς.
251 1609 344 1654 25'251,
376 1607 416 1644 65
442 1608 462 1653 ἡ
488 1609 648 1653 ῥηθεῖσα
678 1609 826 1666 γνώμη,
859 1607 919 1644 ὅτι

111 1655 279 1698 θέμις,
304 1656 471 1691 τουτέστι
495 1658 659 1696 δίκαιον,
685 1654 919 1711 ἆντιξενίζειν

112 1700 182 1735 τόν
214 1699 456 1746 ὑπαρξαντα,
489 1702 584 1737 κατὰ
608 1701 650 1738 τὸ
676 1701 840 1761 δόμεν,
876 1699 918 1747 ἤ·

112 1760 205 1793 ’γουν
230 1747 316 1790 δὸς,
347 1747 395 1787 ὅς
418 1760 494 1783 κεν
525 1749 607 1793 δῷ,
639 1748 681 1782 τὸ
711 1745 921 1784 Ησιόδειον

115 1796 177 1837 (0.
211 1799 246 1827 et
278 1795 321 1828 Ι).
353 1794 464 1837 354),
503 1795 564 1830 καὶ
600 1796 664 1830 ινα
695 1796 756 1830 καὶ
788 1795 922 1851 χάρις

113 1840 252 1899 χάριν
286 1840 358 1885 εἴη
394 1842 648 1883 τίκτουσα,
682 1840 778 1876 κατὰ
801 1840 850 1878 τὸ
884 1840 922 1875 ἐν

114 1885 237 1926 ἄλλοις
269 1886 391 1931 (Soph.
416 1888 541 1931 Ajace,
579 1887 667 1931 493)
699 1887 818 1933 ῥηθὲν
850 1889 925 1922 ταῖν

115 1935 274 1977 χαρίτων
299 1933 408 1968 ἴδιον.
455 1915 557 1967 Pind.
580 1934 685 1978 Pyth.
709 1937 743 1974 5,
768 1936 837 1977 58„
863 1946 924 1968 no-

115 1986 212 2013 tante
248 1977 484 2015 (Ξ1.·εκόντι
516 1980 645 2015 τοίνυν
677 1980 806 2031 πρέπει
830 1981 924 2028 Νόω

116 2025 182 2061 τὸν
208 2021 400 2069 εὐεργέταν
425 2023 666 2061 ὑπαντιάσαι.

161 2073 241 2106 987.
291 2070 339 2112 α’·,
367 2073 433 2108 169
456 2078 524 2106 etc.

162 2119 285 2152 239—
298 2097 378 2153 296.
435 2118 480 2152 εἴ
516 2114 620 2154 ποτ’
664 2116 746 2174 εην
781 2129 841 2167 γε.
889 2127 924 2152 v.

119 2175 197 2197 ann.
232 2163 276 2205 ad
317 2164 356 2198 n.
387 2163 430 2208 γ’,
466 2165 543 2198 180.
573 2182 619 2190 -—-
659 2162 710 2209 ἦέ
747 2177 838 2198 πον
881 2181 925 2188 —-

119 2208 301 2253 ἰχθύες.
325 2209 369 2252 ξ’,
394 2211 472 2245 137.
500 2229 546 2235 --
577 2213 766 2246 κλαῦσε.
789 2209 832 2254 γ’,
858 2209 924 2243 261

121 2260 187 2289 etc.
214 2274 258 2280 —
293 2256 336 2289 de
370 2257 475 2290 verbo
511 2259 848 2298 περιστείλασα
873 2255 927 2288 Ε.

119 2314 346 2347 καιριωτατη
371 2300 464 2344 λέξις
488 2301 605 2343 ἐστὶν,
638 2300 840 2361 εὖκοσμίαν
862 2302 928 2344 δη-

120 2348 237 2383 λοῦσα
261 2348 329 2383 νῦν
362 2361 431 2407 μεν
463 2347 524 2384 ἐπὶ
557 2350 712 2393 νεκροῦ,
746 2347 840 2392 παρ’
865 2346 929 2382 ἄλ-

122 2398 200 2435 λοις
224 2392 263 2435 65
286 2394 349 2430 καὶ
372 2394 432 2433 ἐπὶ
454 2395 608 2437 ζώντων.
633 2397 684 2430 ita
704 2396 810 2440 Sopb.
824 2394 929 2438 Ajace

124 2442 246 2476 1096.·
281 2439 406 2481 τάφον
437 2444 709 2485 περιστελοῦντε
744 2441 928 2484 δυστήνου

122 2487 267 2529 νεκροῦ.
290 2487 468 2542 idemque
502 2488 588 2521 Phil.
629 2490 730 2537 4229
779 2486 927 2527 οὐδέπω

123 2546 251 2614 ῗῖἴῖἷὲν.
262 2547 377 2616 1...ῗῖ
380 2532 656 2620 Ἑῗωένὲηἷ.
671 2530 713 2570 ⁵²³
744 2533 929 2620 ’'ff-5⁶²6?

217 2594 227 2613 ι
444 2594 481 2624 ιμ
589 2594 607 2614 e
680 2600 725 2606 —

123 2626 499 2680 πολύδωροςῌ1.
525 2625 564 2668 ζ’
589 2628 669 2667 394,
696 2625 810 2659 ubiv.
839 2636 930 2665 ann„

123 2670 167 2717 χ’,
192 2672 237 2706 88
261 2674 359 2716 etc..)
408 2668 430 2716 ἡ
455 2675 602 2713 πολλοῖς
630 2673 765 2715 δώροις
788 2672 841 2712 εἰς
863 2667 930 2715 γά-

124 2731 197 2763 μον
222 2716 397 2753 ε’λθουσα.
429 2739 475 2744 --
510 2717 616 2763 ἐχέφ
626 2732 727 2761 ρων.
776 2718 823 2759 δ’,
865 2718 929 2752 111

127 2770 194 2798 ete.
219 2783 265 2789 --
297 2763 473 2800 noima
509 2764 556 2800 5v
589 2770 675 2809 λεχ.
721 2765 760 2798 11.
786 2763 828 2809 χ’,
855 2765 932 2798 86.-

127 2807 174 2845 οὔ
200 2808 237 2844 σ’
266 2808 319 2845 ἔτ’
355 2809 464 2866 ἔγωγε
498 2812 715 2854 Κλαύσομαι
740 2810 777 2845 ἓν
800 2809 933 2853 λεχέεσ-

126 2867 174 2891 σι.
213 2858 258 2890 cs.
284 2856 351 2898 44,
385 2856 432 2900 β’,
467 2859 530 2894 361
567 2865 634 2892 etc.
661 2876 706 2882 —-
739 2855 934 2901 ἐπεῴκει

129 2904 169 2935 Α.
194 2904 227 2937 2.
252 2908 287 2936 et
321 2904 354 2938 3.
389 2908 424 2937 et
455 2904 498 2939 E.
529 2906 656 2959 vulgo.
690 2892 863 2937 ἐπέοικεν.
888 2918 934 2926 --

129 2948 184 2982 Ex
215 2951 443 2986 καθελεῖν
483 2948 526 2988 δὲ
567 2947 856 2997 ὀφθαλμούς
890 2944 933 2985 τό

964 1283 1137 1328 νεκρικιῦς
1168 1282 1354 1329 καλύψαι,
1395 1282 1445 1325 ὥς
1487 1281 1562 1320 &aa
1603 1294 1771 1327 παρακο-

965 1332 1217 1372 λουθοῦντος·
1259 1330 1462 1375 παρέπεται
1502 1343 1571 1376 γαρ
1609 1327 1650 1364 ἐν
1689 1331 1770 1370 τοῖς

965 1376 1152 1418 τοιούτοις
1183 1380 1381 1421 καθαιρεῖν
1414 1376 1475 1412 ἐπὶ
1510 1374 1691 1420 συμμύσει
1720 1373 1769 1409 τοὶ

966 1425 1144 1470 βλέφαρα.
1169 1425 1288 1458 -vd
1315 1443 1354 1450 -
1390 1421 1656 1459 θανόντων.
1692 1423 1771 1456 190.

965 1473 1085 1514 „Aen.
1122 1472 1187 1510 10,
1217 1471 1319 1505 559.=
1354 1476 1417 1504 aut
1444 1471 1590 1515 gurgite
1623 1478 1771 1503 mersum

976 1516 1075 1548 Unda
1103 1517 1218 1557 seret,
1249 1517 1423 1560 piscesque
1454 1516 1596 1559 impasti
1626 1515 1772 1548 vulnera

964 1563 1125 1595 lambent.
1172 1562 1301 1594 ibidem
1333 1563 1376 1602 9,
1411 1562 1510 1596 485:
1555 1563 1642 1600 heu,
1673 1565 1771 1594 terra

962 1609 1087 1652 ignota
1112 1608 1252 1641 canibus
1275 1608 1357 1641 date
1386 1608 1522 1651 praeda
1552 1606 1670 1640 latinis
1696 1605 1772 1638 Ali-

965 1655 1120 1696 tibusque
1140 1653 1254 1695 Ῐαεοε,
1279 1665 1340 1686 nec
1364 1658 1398 1686 te
1422 1659 1484 1687 tua
1501 1656 1633 1697 funera
1658 1652 1771 1695 (recte

964 1699 1114 1732 Bembus
1139 1704 1175 1731 et
1199 1698 1271 1739 aliig
1292 1699 1436 1743 sunere)
1469 1705 1583 1735 mater
1606 1698 1772 1741 Produxi,

962 1746 1116 1790 pressive
1139 1745 1293 1778 oculos.“
1318 1745 1373 1778 cl.

1013 1815 1093 1855 297,
1118 1814 1151 1848 s,
1193 1810 1241 1855 α’,
1266 1813 1344 1854 170,
1368 1811 1436 1857 174
1461 1816 1529 1848 etc.

1015 1883 1095 1917 299.
1143 1881 1239 1916 ποῦ
1279 1879 1343 1917 65¹.
1401 1880 1452 1922 sic
1484 1880 1586 1916 etiam
1620 1879 1654 1915 Ε
1688 1890 1777 1914 nova.

970 1928 1026 1962 ed.
1061 1927 1245 1971 Weigelii‚
1281 1927 1343 1960 sed
1375 1939 1396 1961 a
1426 1927 1660 1962 correctiones
1699 1936 1777 1960 nam

970 1980 1108 2008 vetusta
1131 1976 1205 2018 ejus
1228 1972 1438 2018 exemplaria
1471 1975 1601 2007 habent
1623 1972 1698 2007 δαί.
1739 1971 1776 2005 id

969 2026 1098 2054 temere
1147 2019 1283 2064 quidem
1336 2021 1546 2058 commendat
1588 2018 1776 2064 Berglerus

970 2066 1080 2111 praef.
1107 2064 1161 2098 ed.
1185 2064 1300 2098 Iliadis
1323 2066 1495 2098 wetsten.
1519 2076 1598 2109 pag.
1618 2066 1671 2107 8.‚
1695 2075 1778 2098 usus

970 2111 1145 2146 Homerici
1181 2111 1318 2151 oblitus,
1355 2122 1419 2145 nec
1451 2111 1585 2145 omniuo
1633 2110 1775 2145 multum

971 2159 1165 2202 scripturae
1187 2156 1235 2189 ini
1259 2157 1473 2194 tribuendum
1496 2162 1570 2198 est,
1602 2168 1676 2190 cum
1701 2168 1717 2192 5
1741 2159 1777 2189 et

973 2217 1012 2238 αι
1037 2202 1234 2248 permisceri
1259 2202 1393 2236 soleant
1423 2202 1457 2236 in
1487 2202 1681 2242 codicibus3
1713 2201 1776 2236 sed

974 2255 1090 2295 potest
1130 2254 1262 2290 tamen,
1299 2255 1341 2282 ut
1376 2249 1450 2283 δαῦ
1478 2248 1603 2283 abierit
1634 2248 1668 2281 in
1699 2238 1776 2288 δαὶ,

973 2297 1078 2339 idque
1103 2305 1206 2351 porro
1239 2295 1275 2327 in
1299 2288 1351 2329 δέ.
1383 2299 1478 2328 certe
1501 2294 1691 2339 ponendum
1724 2298 1778 2327 est

973 2343 1046 2376 ποῦ
1071 2341 1105 2375 6'
1135 2353 1197 2381 αυ,
1225 2351 1289 2373 nec
1307 2341 1600 2381 committendum,
1626 2346 1665 2374 ut
1681 2340 1777 2373 clau-

973 2388 1068 2421 dicet
1098 2386 1237 2421 Homeri
1275 2397 1395 2420 versus
1436 2398 1499 2431 per
1538 2366 1779 2420 oscitationem

973 2433 1126 2475 librarii,
1158 2439 1298 2466 metrum
1330 2432 1546 2490 negligenfis.
1593 2431 1684 2466 idem
1717 2443 1780 2485 po-

974 2483 1053 2513 &tae
1079 2458 1191 2513 va'lent
1215 2476 1277 2519 δε,
1312 2476 1355 2513 δ’
1380 2475 1451 2521 αὖ,
1490 2475 1527 2513 δ’
1561 2473 1670 2520 αὖτε,
1702 2477 1780 2523 qui-

973 2527 1037 2568 bus
1061 2525 1170 2563 libere
1193 2524 1300 2559 utitur
1323 2535 1385 2569 pro
1411 2525 1545 2559 ratione
1569 2534 1702 2559 versus.

1020 2603 1101 2637 300.
1147 2598 1423 2644 ἀντιθέους.
1465 2598 1512 2646 δ’,
1541 2602 1608 2639 571
1633 2605 1701 2640 etc,
1731 2619 1779 2635 —.-

975 2646 1199 2693 ἕμπορος.
1233 2647 1278 2693 β’,
1302 2650 1381 2685 319.

1022 2719 1100 2752 301.
1134 2714 1419 2761 ἐκβήσαντες
1451 2715 1636 2763 ἔβησαν.
1659 2726 1781 2760 parum

977 2762 1091 2808 placet.
1108 2762 1160 2796 bis
1186 2764 1316 2797 illatum
1343 2766 1479 2797 verbum
1499 2773 1598 2796 sensu
1620 2761 1781 2804 diverso,

977 2809 1039 2842 sed
1061 2809 1140 2853 quid
1167 2810 1385 2843 faciendum?
1420 2809 1486 2843 suit
1515 2819 1589 2841 cum
1613 2812 1782 2841 tentarem

980 2854 1122 2896 ἔλυσαι,
1147 2855 1219 2888 scil.
1242 2869 1260 2888 ι
1267 2856 1333 2899 ἦα,
1357 2854 1633 2910 quemadmodum
1659 2844 1782 2909 Ευῐίρ.

978 2901 1111 2936 Hecub.
1142 2901 1220 2936 514.
1252 2901 1339 2935 dixit
1370 2903 1478 2936 λῦσαι
1498 2899 1688 2943 πρύμνας,
1707 2901 1784 2946 ipse

980 2953 1090 2985 autem
1102 2946 1201 2984 Hom.
1220 2948 1346 2994 passim
1364 2945 1573 2994 πρυμνήσι’
1597 2946 1729 2983 ἔλυσαν
1748 2949 1786 2980 et
