1821 3288
99 109 183 149 400
454 101 784 147 ADDENDA
825 101 908 144 ET
949 99 1374 173 ΕΜΕΝΠᾼΝΒΑ.

97 214 355 257 ἐκτετέλεσται,
378 215 467 262 quod
491 215 544 262 τῷ
564 213 705 257 ἀάατος
727 224 899 260 opponere
920 211 1058 246 videtur
1076 210 1223 257 Ulysses
1244 211 1285 257 χ’,
1306 214 1361 254 5.,
1383 215 1545 258 tanquam
1567 213 1630 255 rei,
1653 225 1743 258 quae

97 275 163 297 non
188 266 278 296 esset
299 263 375 295 visa
401 261 521 307 perfici
545 273 663 308 posse,
695 262 894 306 perfectam.
926 277 970 284 —
1007 259 1084 293 152.
1107 259 1252 293 ridicule
1286 259 1386 293 Eust.
1417 260 1482 293 hoc
1505 260 1611 293 verbo
1644 271 1742 294 usum

97 321 174 343 esse
196 313 314 342 narrat
335 308 541 343 silicernium
563 308 749 354 quendam,
776 304 833 350 qui
858 304 970 349 puella
993 304 1123 338 donata
1145 315 1212 339 non
1235 310 1353 350 posset
1377 305 1549 350 potiri.—
1575 307 1741 341 186.a'nn.

96 366 152 400 ap.
178 355 277 388 Eust.
301 365 392 388 sen:
423 353 464 390 τὰ
489 354 528 390 ἔν
554 369 606 398 τῳ
630 354 718 393 τέως
748 349 884 395 ἀργεῖν.
906 368 952 375 —-
982 351 1073 391 223,
1096 350 1275 388 24.'male
1292 351 1409 384 Ἐυεῒ..
1433 352 1476 385 ad
1501 349 1552 392 π’,
1578 354 1630 388 15.
1656 353 1743 386 haec

95 411 214 435 nervos
237 399 363 434 decere
386 406 501 446 negat.
524 401 603 447 quid
617 425 627 440 ‚
658 397 748 444 quod
773 398 917 442 Ulysses
951 396 985 430 h.
1011 396 1034 430 }.
1057 396 1112 430 vel
1136 395 1271 430 illorum
1294 397 1410 440 capita
1438 408 1619 442 manusque
1641 409 1744 433 oscu-

95 445 215 481 latur?
239 446 284 479 cf.
308 444 362 490 ω’,
386 448 466 482 398.
491 467 535 472 —
558 447 638 482 225.
664 455 732 479 scr.
762 442 897 484 αὔτως.
920 461 967 468 —-
989 444 1068 478 260.
1092 441 1157 476 imo
1181 442 1395 476 scribendum
1419 450 1490 477 est:
1523 442 1618 486 ἀτὰρ
1640 457 1678 480 π.
1702 456 1744 488 γε

95 490 179 527 κατ’
205 486 268 536 ἧκ’
291 504 318 528 ε.
342 492 378 530 ἄ.
405 493 582 538 ἑστάμεν,
607 493 639 527 h.
665 502 694 525 e.
718 489 960 532 καθέσταμεν.
998 489 1137 533 saepius
1169 488 1313 521 confusa
1345 500 1413 522 κατ
1436 496 1471 523 et
1495 491 1568 526 καί.
1591 509 1638 516 -·
1661 490 1742 527 267.

95 549 160 572 scr.
184 540 311 583 μηρία.
345 559 390 565 —
423 542 502 575 291.
526 550 604 573 ann.
638 537 782 571 eandem
813 535 988 569 infantiam
1022 534 1058 567 in
1093 534 1315 580 sequentibus
1349 545 1484 578 quoque
1506 536 1743 580 deprehendas

95 584 207 618 hiscct
234 581 342 620 ἄασ’
363 584 416 621 ἐνὶ
438 584 595 630 μεγάρῳ,
620 581 639 619 ὁ
665 581 698 617 δ’
721 581 799 618 ἐπεὶ
824 581 964 627 φρένας
987 576 1128 615 ἄασεν
1153 580 1256 623 Οἴνφ,
1283 580 1411 621 Φρέῦὶν
1435 574 1518 626 ᾖσιν
1544 582 1744 624 ἀασθεὶς

94 627 175 674 ἤιεν
197 627 245 676 ἣν
272 629 394 676 ἄτην
420 631 544 676 ὀχέων.
568 649 612 656 -
636 630 718 665 303.
738 640 857 662 versus
882 627 981 673 paulo
1014 626 1148 671 quidem
1172 625 1387 660 tolerabilior
1419 627 1494 660 loco
1523 628 1613 671 illo‚·
1643 640 1744 673 quem

94 676 340 718 indicavimus,
364 678 422 711 sed
457 678 556 712 etiam
581 675 632 709 sic
655 676 747 708 iners
769 681 806 709 et
829 677 1022 718 suspectus.
1047 691 1092 699 —-
1125 672 1206 706 323.
1239 672 1426 713 αἰσχυν.
1461 671 1578 715 ἐσμέν.
1612 675 1744 720 ellipsis

93 722 233 757 usitata.
256 742 302 748 —
325 724 402 759 363.
429 735 504 757 ann.
529 723 579 756 ita
603 721 763 756 scribito:
788 720 940 761 „intell.:
965 720 1126 752 abactum
1150 730 1172 751 a
1194 718 1289 751 uobis
1310 718 1358 751 ad
1387 719 1683 754 stabulum'ttmm
1710 726 1746 756 et

94 769 142 802 ibi
164 770 394 811 interfectum.
420 771 463 803 cf.
490 771 567 804 370.
592 774 627 802 et
650 779 746 811 sequ.
770 777 902 801 versus.
927 784 972 790 —
996 767 1078 801 391.
1106 762 1152 804 ἐς
1176 759 1217 798 δ’
1242 762 1345 807 ἤϊεν
1376 761 1536 806 αὐτός.
1560 765 1627 800 imo
1663 764 1745 810 ἤϊεν

94 811 217 855 αὖτις,
242 816 357 850 rediit.
382 834 428 840 —
450 817 527 851 397.
553 813 831 853 ἐπίκλοπος.
855 812 943 846 imoz
967 809 1184 852 ἐπίσκοπος,
1207 815 1397 853 spectator,
1434 811 1489 844 ein
1514 813 1673 852 Kcnner,
1706 818 1747 847 ut

95 861 240 895 Terent.
266 860 353 895 Eun.
378 862 411 899 3.
436 863 470 903 5,
496 863 571 897 18.z
596 862 739 904 elegans
766 864 942 904 spectator
964 859 1171 901 formarum.
1195 855 1239 889 de
1262 855 1355 889 hisce
1386 856 1511 890 litteris
1536 858 1687 893 confusis
1711 870 1747 893 v.

95 906 135 940 11.
161 905 207 947 ν’,
233 905 312 948 494,
337 907 453 946 Schol.
475 908 517 941 ad
541 905 586 951 ρ’,
621 904 688 942 176
707 911 774 940 etc.
809 915 1000 950 quanquam
1028 904 1084 937 hic
1108 901 1219 946 magis
1249 901 1400 936 videnda
1431 907 1484 936 est
1511 902 1660 946 ipsorum
1683 916 1749 938 vo-d

95 952 291 986 cabulorum
314 953 514 988 similitudo.
538 953 621 999 quin
645 957 771 998 potest,
797 957 835 985 ut
858 950 1009 995 episcopi
1030 960 1149 983 nomen
1175 952 1326 981 sanctum
1347 948 1438 993 apud
1461 950 1637 993 profanum
1661 950 1749 984 scri-

95 1004 228 1043 ptorem
253 999 342 1033 male
365 1000 520 1034 curiosus
544 1000 669 1044 aliquis
691 998 876 1034 monachus
899 997 992 1030 haud
1015 997 1131 1029 ferens
1153 1005 1197 1028 ex
1225 994 1396 1028 industria
1418 997 1621 1037 mutaverit3
1655 996 1750 1041 quod

96 1055 205 1087 genus
228 1045 484 1090 superstitionis
508 1046 678 1090 hodieque
707 1044 813 1088 viget.
838 1062 882 1068 —
906 1043 985 1077 407.
1020 1041 1110 1086 νέῳ
1142 1038 1371 1081 κόλλοπι,
1406 1052 1495 1076 πονο
1516 1041 1632 1084 οῑὰυο,
1656 1042 1692 1076 h.
1714 1050 1749 1086 e,

95 1090 211 1132 firmo,
236 1102 335 1135 quem
358 1103 425 1125 non
448 1097 584 1138 rumpat
607 1091 733 1126 chorda
754 1091 908 1130 intensa,
931 1093 972 1122 ut
992 1091 1188 1132 corruptum
1211 1091 1394 1120 vetustate.

142 1149 198 1190 X,
223 1149 278 1183 12.
301 1148 556 1194 μέμβλετο.
580 1162 615 1183 v.
642 1147 767 1182 Matth.
793 1148 827 1188 §.
854 1145 934 1181 242.
960 1165 1003 1170 -—-
1028 1146 1084 1179 61.
1109 1155 1187 1178 ann.
1211 1143 1262 1176 sic
1287 1147 1323 1176 et
1345 1140 1417 1178 εἴτε
1440 1148 1503 1188 pro
1529 1144 1638 1190 εἴητε,
1663 1145 1749 1180 alia-

93 1204 162 1238 que
186 1195 350 1238 ejusmodi
374 1195 531 1230 invenias
555 1206 609 1240 ap.
635 1195 725 1228 hunc
748 1197 920 1232 nostrum,
959 1190 1002 1224 dc
1027 1190 1150 1233 quibus
1181 1200 1212 1222 v.
1247 1190 1399 1233 Gregor.
1425 1189 1580 1225 Corinth.
1606 1199 1642 1237 p.
1666 1193 1748 1228 206.

94 1239 149 1273 ed.
173 1239 350 1282 Schafer„
374 1240 502 1276 Matth.
529 1243 562 1283 ς.
588 1242 669 1281 211,
694 1250 771 1273 ann.
795 1240 828 1273 3.
853 1241 920 1271 etc.
945 1255 990 1261 -·
1014 1237 1072 1271 98.
1105 1235 1390 1279 προπρηνέϊ.
1422 1235 1532 1270 intell.
1558 1236 1751 1284 φαδγοὲνῳ,

93 1297 160 1319 non
183 1287 285 1330 χειρί.
311 1290 462 1321 ceterum
486 1285 675 1321 Montbelio
701 1289 736 1318 et
761 1282 885 1318 Vossio
909 1293 997 1315 nunc
1021 1280 1223 1325 adstipulor.
1247 1299 1291 1306 —
1318 1282 1397 1315 197.
1422 1292 1509 1315 scra:
1539 1280 1750 1328 Ἠριγένεια.

94 1331 144 1365 sic
169 1332 256 1366 enim
280 1343 343 1377 per
366 1344 404 1366 se
430 1333 581 1378 appellat
605 1334 790 1371 Auroram,
824 1333 862 1363 ut
885 1327 1057 1362 Hesiodus
1080 1327 1218 1370 Theog.
1244 1327 1324 1361 381.
1350 1345 1395 1350 —
1425 1327 1505 1361 427.
1531 1338 1613 1363 sane
1637 1329 1752 1376 feren-

93 1378 171 1412 dum
194 1390 261 1412 non
284 1383 339 1412 est
362 1376 440 1420 ἐπὶ,
464 1379 526 1412 sed
550 1379 653 1424 paulo
676 1375 880 1410 insolentius
902 1373 1134 1419 ὑποδμωῇσι,
1160 1379 1195 1406 et.
1219 1383 1296 1406 raro
1319 1370 1394 1407 ὑπὸ
1417 1376 1454 1405 et
1480 1372 1538 1408 ἐπὶ
1559 1380 1752 1420 permutata

93 1423 184 1457 inter
207 1435 243 1463 se
269 1423 572 1468 deprehenduntur
605 1424 643 1457 in
679 1421 778 1456 codd.
804 1432 911 1466 quare
943 1420 1053 1454 malim
1077 1430 1185 1453 nunc:
1227 1429 1311 1463 σημ.
1337 1415 1458 1452 εἰάσκ’
1491 1418 1583 1455 ἔπεα
1611 1422 1672 1465 δμ.
1692 1435 1752 1467 .y.,

95 1471 289 1514 σημαίνειν
313 1469 426 1512 ἔπεα,
457 1475 496 1504 ut
521 1470 644 1514 Eurip.
669 1468 756 1503 Hec.
777 1469 879 1502 202:
920 1465 1006 1502 νέον
1029 1479 1064 1500 τι
1088 1462 1183 1507 πρός
1207 1475 1245 1500 σε
1269 1465 1446 1509 σημανῶν
1477 1464 1587 1507 ἔπος,
1620 1465 1751 1514 ἔπος,

86 1518 233 1559 jussum.
281 1516 322 1551 Il.
345 1515 395 1559 π’,
420 1518 520 1552 686.:
560 1516 596 1550 εἰ
627 1513 668 1550 δὲ
693 1513 780 1553 ἔπος
811 1515 892 1558 Πηλ
921 1511 1033 1547 ἰ’άὸαο
1063 1511 1226 1556 φύλαξεν
1250 1516 1317 1545 etc.
1354 1509 1442 1546 ἐπέα
1472 1512 1638 1558 scriptum
1670 1514 1752 1561 ἔπη,

94 1563 203 1596 forma
227 1563 388 1607 vulgari,
415 1574 514 1607 quem
537 1562 648 1596 locum
669 1559 790 1594 induxi
813 1560 856 1593 ad
917 1585 925 1599 ,
951 1558 1030 1594 346.
1045 1582 1054 1599 ,
1081 1569 1180 1600 mOX,
1207 1556 1392 1599 adjuvante
1419 1557 1611 1602 iotacismo‚
1634 1564 1752 1597 trans-

95 1607 175 1649 ierit
198 1607 233 1642 in
257 1606 330 1643 ἐπί.
354 1628 398 1634 -
423 1610 502 1644 500.
526 1606 610 1643 τόν
631 1625 676 1632 —-
701 1605 948 1650 στοναχῆς.
972 1616 1006 1638 v·
1032 1614 1110 1638 ann.
1134 1603 1170 1636 in
1197 1602 1283 1636 Add.
1307 1604 1350 1637 ad
1373 1603 1413 1638 ll.
1437 1600 1482 1647 ρ’,
1504 1605 1561 1641 38.

193 1667 242 1706 Ψ,
263 1665 319 1707 33,
345 1676 423 1699 ann.
447 1676 537 1699 scr.=
559 1663 761 1709 „complexa
785 1664 874 1698 est.“
897 1680 942 1687 —
968 1663 1047 1697 110.
1070 1670 1159 1693 scr-z
1183 1656 1208 1694 ὁὶ
1233 1657 1279 1703 δὴ
1304 1658 1398 1695 κατὰ
1421 1661 1493 1695 νῶϊ
1515 1674 1635 1706 neno„
1662 1664 1696 1700 h.
1720 1677 1752 1700 e.

94 1724 285 1756 κατακεκρ.
322 1712 367 1746 de
389 1710 485 1747 κατὰ
507 1715 543 1744 et
573 1710 636 1746 καὶ
673 1709 851 1754 permixtis
875 1719 909 1741 v.
934 1706 980 1754 β’,
1006 1705 1073 1742 104
1094 1710 1161 1740 etc.
1197 1705 1346 1739 numeris
1379 1707 1450 1750 jam
1489 1703 1753 1752 ὁλοδακτύλοις

96 1757 287 1801 significari
309 1756 448 1791 videtur
470 1757 563 1791 laeta
587 1755 688 1802 primi
712 1754 837 1789 amoris
861 1752 1072 1789 recordatio.
1095 1771 1140 1776 —
1166 1752 1244 1786 191.
1269 1763 1347 1786 ann.
1375 1763 1478 1786 versu
1502 1753 1536 1787 4.
1572 1755 1648 1790 dele
1672 1769 1752 1792 ver-

96 1805 172 1838 bum
197 1804 322 1850 igitur.
345 1823 393 1828 —
415 1804 496 1839 239.
519 1814 586 1836 scr.
611 1800 823 1846 εἰσοροώσῃ.
848 1820 893 1825 —
916 1798 996 1834 264.
1022 1809 1110 1832 scr.:
1134 1797 1171 1832 τί
1195 1795 1225 1831 τ’
1253 1794 1323 1842 ἄρ’.
1352 1817 1393 1823 -
1426 1799 1508 1834 296.
1532 1811 1610 1835 ann.
1635 1807 1754 1837 extre-

95 1861 149 1884 ma
172 1850 222 1884 ita
246 1861 333 1885 scr-0:
356 1868 404 1875 -—
425 1855 522 1892 „etc.
545 1849 607 1894 (cf.
621 1851 727 1884 ann-‘⁶
751 1839 872 1883 etc.-
888 1847 1057 1883 326.ann.
1084 1855 1185 1878 versu
1212 1844 1268 1879 12.
1292 1855 1313 1878 a
1335 1844 1405 1878 fine
1428 1854 1517 1880 scra
1541 1852 1608 1889 „ut
1630 1853 1753 1884 auctor

96 1899 177 1931 est“
200 1900 269 1935 etc.

191 1954 237 1995 Ω,
259 1953 316 1989 33.
339 1963 416 1987 ann.
440 1963 532 1986 scr-2
571 1951 654 1993 ,‚34.
678 1952 722 1986 cf.
747 1950 787 1992 ε’,
810 1949 920 1986 312.“
950 1968 998 1975 --
1031 1948 1088 1983 79.
1113 1946 1295 1982 delendum
1328 1946 1462 1991 signum
1495 1949 1754 1996 paratheseon,

96 1999 190 2045 quod
215 2011 268 2034 me
289 1998 397 2034 invito
424 1998 665 2043 appiuxerunt.
680 2018 726 2024 —-
746 1999 802 2032 87.
825 1993 1155 2041 ἀντεβόλησας,
1177 1991 1450 2037 ἐτεθήπεας.
1467 1994 1540 2029 scil.
1565 2009 1590 2030 α
1613 1998 1754 2033 transiit

96 2047 241 2090 primum
264 2045 300 2081 in
325 2058 388 2087 αι,
412 2044 536 2078 deinde
559 2044 593 2078 in
619 2057 681 2086 ας,
706 2042 797 2088 quod
823 2053 922 2088 quam
948 2041 1103 2087 proclive
1126 2040 1255 2081 fuerit,
1290 2039 1403 2073 sciunt
1425 2040 1682 2086 palaeographi.
1705 2065 1752 2072 --

96 2093 153 2127 95.
178 2103 256 2127 ann.
280 2102 366 2125 scr.=
406 2102 467 2131 „v-
493 2090 535 2132 11.
559 2088 608 2131 α’,
630 2091 712 2126 576.
737 2090 862 2123 Voss.“
888 2092 952 2123 etc.
976 2107 1023 2113 —
1048 2087 1125 2121 127.
1158 2096 1279 2120 versus
1319 2085 1436 2126 iners,
1474 2097 1572 2130 quem
1604 2099 1648 2122 ne
1674 2090 1752 2125 huic

96 2136 231 2182 quidem
255 2139 379 2183 poetae
401 2136 652 2180 imputaverim.
675 2157 721 2162 -
746 2136 829 2174 198,
853 2136 908 2169 99.
935 2135 1020 2167 haec
1042 2132 1130 2166 male
1149 2132 1350 2175 cohaerent,
1375 2132 1499 2175 quibus
1522 2131 1752 2178 interpuncti-

96 2195 162 2217 one
185 2182 453 2218 subveniendum
477 2181 649 2222 arbitror,
670 2182 722 2215 ita
747 2181 947 2215 scribendo:
972 2199 1019 2205 -—-
1046 2178 1313 2221 Πηνελοπείην.
1362 2175 1441 2221 Οῧχ
1465 2174 1516 2218 ὥς
1542 2180 1657 2215 Τυνδ.
1683 2188 1751 2217 etc.

97 2249 143 2256 —-
165 2230 246 2265 235.
273 2240 362 2264 scr.:
385 2226 593 2272 μερμήριξε.
617 2247 664 2254 -
685 2227 765 2262 247.
789 2226 899 2261 malim
924 2236 1034 2260 nunc=
1060 2223 1128 2259 οὐκ
1152 2221 1283 2268 ὄγχνη,
1308 2225 1446 2268 πρασίη
1470 2236 1530 2266 τε,
1567 2223 1657 2262 ἄνευ
1681 2233 1751 2263 etc.

97 2296 143 2302 —
162 2277 240 2311 313.
256 2276 411 2320 χαίρων
443 2273 520 2318 μὲν
550 2272 659 2318 ἐγών
683 2271 914 2316 ἀπέπεμπον
937 2271 1105 2307 ἐκεῖνον.
1131 2271 1417 2314 interrumpamus
1440 2281 1573 2305 cursum
1593 2272 1752 2308 homoeo-

97 2321 300 2356 teleutorum
323 2320 501 2355 scribendo
523 2319 615 2365 ἐγώ,
639 2320 732 2365 quod
757 2325 846 2354 metu
871 2330 956 2353 vano
981 2317 1096 2350 hiatus
1123 2315 1244 2360 aliquis
1269 2315 1462 2350 mutaverit.
1485 2336 1533 2342 —--
1555 2318 1634 2354 378.
1659 2322 1752 2354 inse-

97 2378 210 2401 ramus
235 2367 408 2413 copulam,
447 2364 562 2412 οἷκτήν
585 2363 625 2402 τ’
647 2365 733 2410 vin-2
772 2376 883 2410 neque
915 2363 1001 2398 enim
1033 2362 1196 2408 oppidum
1231 2361 1398 2407 appellari
1429 2366 1544 2408 potest
1577 2361 1682 2410 ἀκτή.
1705 2386 1751 2393 -—

96 2411 176 2448 394.
208 2424 275 2448 scr.
314 2410 480 2448 α’πεκλελ.
526 2431 571 2438 -
613 2413 694 2447 402.
729 2423 805 2446 ann.
840 2414 925 2457 Ap.:
964 2405 1044 2444 οὗλ
1059 2422 1086 2445 ε.
1123 2406 1279 2453 ὑγίαινε.
1319 2405 1412 2444 ὅθεν
1449 2408 1514 2444 καὶ
1553 2409 1666 2458 οὐλή,
1704 2412 1749 2449 τὸ

100 2457 322 2505 ὑγιασμένον
342 2461 503 2504 τραῦμα.
527 2459 575 2497 cf.
599 2458 718 2494 Valck.
740 2458 784 2493 ad
808 2459 915 2494 Amm.
939 2467 973 2503 p.
998 2455 1065 2493 107
1088 2460 1157 2491 etc.

816 2590 879 2597 ——-

312 2674 1473 2746 ⁷BATRACHOMYOMACH1A.

191 2786 290 2821 Vere.
313 2789 370 2823 50.
395 2784 515 2828 ὕπνος
537 2786 653 2833 priore
669 2788 838 2832 correpta,
865 2789 904 2820 ut
929 2787 1006 2823 191.
1029 2805 1076 2811 —-
1098 2783 1155 2819 54.
1176 2784 1264 2818 bene
1285 2784 1416 2818 habere
1438 2782 1520 2818 mihi
1542 2795 1631 2819 nunc
1649 2785 1747 2821 vide-

103 2835 158 2864 tur
176 2831 234 2876 δή.
259 2854 304 2860 -
334 2834 390 2869 55.
413 2835 557 2869 alienum
585 2833 748 2875 ἐρεείνει,
785 2835 902 2878 aptum
925 2836 980 2866 est
1002 2829 1145 2876 ἐρευνᾷ.
1176 2831 1386 2865 scribamus:
1420 2843 1452 2864 κ.
1475 2830 1640 2875 τροίγλην
1663 2830 1747 2868 ἄνε-

101 2880 226 2924 ρεννᾷ.
255 2884 388 2925 raptum
411 2878 477 2915 ἀν·
500 2891 522 2914 a
544 2879 643 2914 simili
666 2886 748 2922 ’-ην.
768 2898 814 2905 —·
837 2880 892 2914 70.
918 2876 1017 2922 ἄχρ.
1050 2875 1165 2918 μετά
1179 2889 1230 2911 νο
1244 2889 1341 2918 ιαν,
1365 2873 1533 2921 ἀχρήστῳ
1555 2879 1745 2923 μετανοίᾳ.

102 2924 283 2968 appositio.
307 2924 520 2969 μέμφεσθαι
544 2938 607 2971 per
629 2934 666 2960 se
689 2924 816 2958 dictum
841 2929 913 2966 est,
938 2929 977 2958 ut
1000 2923 1076 2958 146.
1102 2941 1146 2948 --
1173 2924 1249 2958 130.
1272 2934 1340 2957 scr.
1362 2924 1610 2968 παγχαλκέουτ
1636 2934 1747 2969 neque

102 2971 187 3005 enim
214 2972 256 3005 τὸ
281 2971 512 3018 παγχάλκεον
533 2970 695 3008 convenit
716 2968 857 3017 βελόνῃ.
879 2988 925 2996 -—
961 2969 1040 3006 134.
1063 2968 1190 3005 suadeo
1213 2979 1376 3015 ponamus
1399 2968 1559 3015 σύναγον
1593 2975 1630 3005 et
1651 2971 1746 3006 auti-

1808 3112 1811 3163 ””“-
1808 3063 1811 3104 *⁴
1808 1147 1821 3054 ‘'Q—*mm*
1820 2462 1821 2467 Α
1815 1126 1821 1140 -
1815 1101 1821 1117 -
