1821 3288
90 53 177 94 216
476 50 778 95 ΟΜΗΡΟΥ
829 51 1259 97 ΟΔΥΣΣΕΙΛΣ
1317 55 1377 98 Ψ.

263 158 362 205 ἀλλ’
390 153 489 217 ἦτοι
516 161 594 217 μὲν
621 161 705 234 ἐγώ
734 162 1059 234 πολυδένδρεον
1088 162 1227 220 ἀγρὸν
1255 164 1421 220 ἔπειμι,

151 222 235 264 360
263 218 480 272 ὀψόμενος
505 218 664 288 πατέρ’
693 219 874 272 ἐσθλὸν,
906 219 930 262 ὅ
953 237 1036 275 μοι
1064 236 1262 273 πυκινως
1290 221 1527 278 ἀκάχηται·

264 275 336 318 σοὶ
362 274 430 326 δὲ,
459 273 614 329 γύναι,
642 275 740 319 τάδ’
771 276 999 325 ἐπιτέλλω,
1030 282 1191 349 πινυτῇ
1217 293 1297 332 περ
1327 279 1478 336 ἐούσῃ

266 330 424 374 αὐτίκα
452 331 534 388 γὰρ
565 331 695 386 φάτις
723 328 832 377 εἶσιν
862 331 940 387 ἅμ’
972 332 1124 404 ἠελίῳ
1130 333 1302 378 ἀνιόντι

264 387 444 442 ἀνδρῶν
472 387 754 461 μιηστήρων,
786 387 864 439 οὓς
893 389 1076 434 ε’κτανον
1106 390 1154 434 ἐν
1181 390 1458 447 μεγάροισιν,

265 445 326 502 εἷς
353 443 518 502 ὑπερῷ’
549 445 752 500 ἀναβᾶσα
783 445 867 488 σύν
895 446 1187 519 ἀμφιπόλοισι
1215 449 1388 517 γυναιξὶ

153 502 238 548 365
265 495 426 558 ἧσθαι,
456 491 566 557 μηδέ
593 517 692 545 τινα
720 500 1005 556 προτιόσσεο,
1034 502 1142 560 μηδ’
1171 503 1338 559 ερέεινε.
1342 507 1368 529 “

316 603 397 638 dein
420 604 497 649 ipse
520 607 556 638 et
578 603 806 639 Telemachus
829 616 903 639 cum
928 605 1063 640 duobus
1084 605 1284 651 pastoribus
1308 616 1370 640 rus
1406 608 1490 641 eunt
1513 605 1557 642 ad
1579 606 1754 650 Laertem,

235 661 352 685 omnes
377 652 499 684 armati
523 655 559 684 et
582 650 706 684 nebula
729 651 874 685 involuti
896 662 918 687 a
941 652 1121 694 Minerva,
1145 663 1188 686 ne
1212 658 1480 696 cognoscantur.

338 714 448 760 ε”Η’“
424 735 503 771 ρα,
532 717 605 761 καὶ
634 714 748 773 ἀμφ’
781 716 966 774 ὤμοισιν
995 718 1181 763 ἐδύσατο
1210 717 1361 774 τεύχεα
1388 717 1521 788 καλά,

270 769 383 827 ωρσε
414 775 460 817 δὲ
494 774 765 847 Τηλέμαχον,
795 776 870 819 καὶ
889 774 1141 846 βουκόλον,
1170 774 1248 847 η’δε
1271 774 1508 846 συβώτην,

264 832 433 882 πάντας
463 830 505 873 δ’
537 830 645 874 ἔντε’
680 830 848 887 ἄνωγεν
877 831 1012 888 ἀρήϊα
1040 833 1187 888 χερσιν
1217 831 1404 876 ἑλέσθαι.

268 890 313 930 οἱ
341 888 388 930 δέ
418 889 461 931 οἱ
492 904 575 931 ουκ
604 886 851 959 ἀπίθησαν,
861 889 1192 960 εθωρήσσοντο
1224 889 1270 932 δε
1297 890 1471 959 χαλκῷ,

156 948 238 989 370
270 944 401 996 ὤϊξαν
432 945 478 988 δὲ
507 943 674 1004 θύρας,
703 961 750 988 εκ
780 945 823 988 δ’
853 945 973 1015 ἤϊον·
1003 951 1108 1015 ἡρχε
1140 945 1185 990 δ’
1209 944 1466 1019 Ὀδυσσεύς.

268 1000 354 1057 ἤδη
385 1018 464 1056 μεν
493 1002 610 1056 φάος
639 1005 720 1056 ἠεν
745 1002 814 1046 ἐπὶ
843 1001 1005 1058 χθόνα,
1034 1002 1137 1052 τούς
1167 1000 1213 1046 δ’
1245 1001 1321 1059 ἄρ’
1350 1002 1516 1058 Ἀθήνη

269 1059 397 1103 νυκτὶ
424 1058 745 1114 κατακρύψασα
773 1064 895 1111 θοῶς
926 1060 1046 1116 εξῆγε
1075 1058 1251 1116 πόληος

101 1185 239 1229 potest,
283 1185 325 1218 ut
354 1193 383 1218 π
417 1186 454 1217 et
489 1193 509 1218 σ
545 1182 684 1217 litterae
717 1182 909 1229 permixtae
955 1181 1011 1220 84.
1035 1203 1081 1209 -—
1103 1183 1281 1231 πινυτῇ
1304 1196 1386 1229 περ
1412 1180 1576 1229 ἕονσῃ,
1606 1180 1764 1227 quamvis

101 1230 231 1264 fuerint,
255 1229 290 1264 h.
315 1230 359 1271 l.‚
392 1229 481 1263 sicut
504 1227 548 1273 γ’,
580 1229 683 1273 325„
718 1230 776 1263 ubi
810 1232 850 1264 A.
875 1232 910 1265 2.
953 1231 1138 1274 prudenti,
1172 1242 1259 1275 quae
1287 1243 1355 1287 pon
1388 1240 1509 1285 egere
1515 1220 1666 1263 v‘idearis
1690 1239 1763 1262 meo

101 1275 255 1311 ἕπονται
278 1276 384 1309 habet
403 1287 466 1320 pro
492 1274 658 1310 ἔσονταιὲ
683 1276 742 1309 sed
767 1287 833 1309 non
856 1279 912 1309 est
958 1275 1111 1309 consilio.
1156 1294 1201 1300 —
1240 1275 1419 1336 αὐτίκα
1457 1274 1543 1319 γὰρ
1584 1293 1632 1299 -
1671 1286 1765 1319 μεγ.

103 1321 193 1367 quod
243 1322 505 1356 reformidemus
556 1318 656 1363 ἅπαξ
706 1320 913 1366 εἰρημένον,
958 1320 1129 1355 sententia
1153 1323 1301 1357 causa'is
1325 1323 1440 1367 priore.
1461 1321 1537 1355 loco
1561 1320 1696 1365 posita,
1726 1324 1765 1354 ut

103 1368 196 1413 quod
218 1369 319 1401 etiam
355 1367 392 1401 in
427 1368 498 1402 suis
532 1368 630 1402 libris
663 1373 837 1413 repertum
861 1368 914 1405 ita
959 1367 1096 1412 passim.
1134 1385 1179 1392 -—
1225 1371 1299 1403 Am.
1342 1369 1409 1408 Q.·
1456 1366 1766 1424 προτιόσσεο.

103 1413 295 1448 declaravit
330 1414 416 1459 Ap.:
450 1413 520 1454 τοὶς
553 1412 726 1455 ἐπαύλεις
752 1427 786 1449 κ.
824 1411 917 1456 μοῖν-
959 1411 1178 1471 προσδέχου.
1206 1413 1272 1448 imo
1296 1411 1538 1470 προσδέρκου.
1562 1409 1611 1455 η’,
1634 1413 1678 1448 31
1699 1416 1767 1447 etc.

103 1461 210 1505 δρας.
254 1461 297 1493 Α.
321 1460 355 1493 2.
382 1464 418 1493 et
440 1461 496 1495 3..
521 1458 709 1501 ἐναύλους.
749 1473 783 1495 v.
808 1461 915 1494 Schn.
960 1478 1006 1485 —-
1041 1458 1142 1494 ἔντε
1190 1457 1352 1515 αρήϊοι.
1399 1461 1438 1498 11.
1548 1458 1629 1494 407.
1673 1457 1766 1494 idem

105 1507 143 1542 h.
165 1517 201 1541 v.
225 1523 269 1533 —
300 1517 401 1540 πυκ.
425 1503 686 1551 ἀκαχηται.
719 1505 765 1549 τ’,
788 1507 848 1549 95,
871 1503 918 1549 ν’,
961 1508 1019 1540 est
1039 1503 1170 1550 τεύχεα
1193 1503 1385 1553 ἀρήὶαπ’,
1407 1473 1492 1542 284κ
1496 1508 1533 1542 et
1555 1505 1654 1540 alias.
