1821 3288
401 792 1218 852 ΟΔῩΣΣΕΙΑΣ

1293 789 1365 846 Ω.

616 1047 1135 1084 ΣΠΟΝΔΑΙ.

266 1275 319 1311 Ad
342 1276 476 1310 Inferos
499 1275 693 1310 Mercurius
716 1275 857 1310 deducit
882 1274 1087 1310 catervatim
1112 1277 1234 1309 euntes
1260 1272 1390 1307 animas
1417 1281 1624 1319 Jprocorum‚
1661 1270 1721 1316 qui

185 1321 232 1356 ibi
257 1322 436 1356 inveniunt
459 1322 637 1364 Achillem,
662 1324 810 1367 Ajacem,
837 1323 989 1368 aliosque
1015 1323 1138 1355 heroes
1162 1321 1297 1353 Iliacos.

220 1375 426 1453 [Ερμῆς
455 1391 501 1434 δὲ
530 1389 672 1445 ψυχὰς
701 1390 949 1446 Κυλλήνιος
980 1389 1216 1441 ἐξεκαλεῖτο

215 1459 394 1513 ἀνδρῶν
425 1458 698 1515 μνηστήρων.
731 1461 794 1514 ἔχε
825 1459 871 1502 δὲ
905 1457 1077 1515 ῥάβδον
1106 1455 1211 1513 μετοὶ
1241 1455 1361 1512 χερσὶ

94 1583 351 1617 Annotationes.
374 1580 475 1614 vers.
493 1582 556 1614 1—
560 1580 639 1616 204.
664 1582 760 1616 Haec
777 1593 859 1627 per-
901 1592 999 1617 suum
1023 1582 1172 1625 futurus,
1197 1591 1272 1615 cum
1292 1578 1349 1613 vel
1371 1576 1572 1612 breviorem
1595 1575 1724 1609 habea-

0 1646 1 1655 ¹
50 1630 168 1674 legens
204 1629 319 1673 quivis
367 1626 468 1670 paulo
518 1626 696 1662 humanior
730 1629 860 1661 sentiat

50 1676 161 1720 frigus
189 1673 382 1709 imitatoris.
425 1683 565 1717 quorum
603 1674 672 1706 alia
705 1678 784 1707 sunt
815 1674 859 1707 ab

52 1722 201 1757 Homero
238 1721 425 1763 subrepta3
467 1718 536 1751 alia
567 1719 707 1753 traditis
742 1720 784 1753 ab
820 1731 860 1753 eo

54 1767 251 1807 contraria3
284 1765 428 1810 plurima
454 1774 535 1797 vero
561 1765 702 1808 putida,
726 1778 861 1800 ταυτο-

52 1812 163 1857 λόγα,
196 1818 300 1856 atque
323 1810 476 1851 inutilia,
507 1810 602 1845 velut
626 1812 780 1847 narratio
804 1812 863 1845 illa

56 1857 316 1911 Agamemnonis
332 1858 374 1890 de
384 1855 583 1890 funebribus
591 1857 745 1901 Achillis,
762 1869 864 1902 quam

56 1917 119 1940 cur
152 1904 281 1939 decimo
307 1904 440 1936 demum
466 1907 545 1946 post
578 1915 665 1937 anno
700 1908 865 1948 exponat,

55 1957 92 1987 et
116 1951 250 1996 quidem
275 1954 343 1983 tam
369 1947 516 1994 prolixe,
542 1959 646 1983 causa
675 1950 766 1983 nulla
790 1956 864 1992 θεῖς

57 1996 335 2043 quemadmodum
372 2006 435 2028 nec
460 1995 622 2028 serendus
647 2001 701 2029 est
723 1995 866 2040 Amphi-

55 2043 199 2084 medon,
225 2053 298 2075 cum
322 2040 485 2086 languido
512 2046 548 2075 et
571 2042 687 2075 fucato
710 2053 866 2075 sermone

55 2089 194 2124 caedem
220 2098 418 2141 procorum,
452 2099 473 2121 a
497 2099 564 2132 qua
598 2092 754 2121 recentes
788 2092 866 2122 sunt

57 2136 253 2175 auditores,
284 2133 433 2178 repetit,
465 2133 501 2167 in
525 2133 673 2176 Scyllam
699 2133 866 2176 incidens,

57 2182 136 2216 dum
172 2180 288 2214 vitare
316 2180 392 2213 vult
417 2179 619 2224 Charybdin
652 2179 743 2214 illam
768 2183 867 2225 Aga-

57 2227 267 2263 memnoniae
283 2225 460 2260 orationis.
485 2237 573 2270 quae
590 2230 703 2260 autem
719 2237 869 2271 sequun-

60 2279 119 2308 tur
142 2284 277 2307 versum
301 2271 380 2306 204.
417 2283 524 2315 usque
557 2271 601 2305 ad
636 2272 735 2309 finem
769 2273 868 2316 hujus

59 2319 140 2354 libri
161 2325 229 2353 tam
255 2318 438 2352 Homerica
461 2322 540 2351 sunt
563 2330 662 2363 quam
686 2330 775 2362 quae
798 2330 869 2352 ma-

62 2366 172 2407 xime,
206 2370 245 2398 ut
276 2365 378 2398 mirer
403 2364 525 2398 callum
551 2364 778 2403 Crifficorum,
810 2363 870 2409 qui

63 2423 104 2445 ea
119 2422 255 2464 quoque
274 2410 465 2444 inducenda
483 2422 559 2444 esse
577 2410 870 2445 existimaverunt.

62 2456 171 2502 igitur
193 2456 261 2490 ista
287 2456 519 2500 separavimus
554 2468 574 2490 a
597 2456 774 2500 genuinis,
807 2468 871 2490 nec

64 2503 210 2537 nolimus
239 2501 329 2536 finiri
364 2502 576 2560 supeiiorem
611 2503 732 2536 librum
765 2513 870 2536 versu

65 2549 133 2582 isto
158 2547 272 2590 ὤϊξαν
297 2545 337 2582 65
359 2549 502 2592 θύρας,
525 2546 564 2583 ἐκ
590 2546 629 2583 δ’
653 2547 758 2591 ἤϊον
785 2545 871 2592 ἦρχε

67 2592 108 2630 δ’
133 2591 340 2637 Ὀδυσσεύς,
365 2595 452 2629 hunc
477 2607 558 2630 vero
585 2594 637 2629 sic
660 2593 780 2639 incipi,
810 2605 873 2628 ex-

67 2642 207 2688 punctis
231 2641 367 2674 alienis.

152 2695 251 2742 Ἤδη
264 2695 331 2742 μὲν
350 2696 449 2742 φάος
465 2691 528 2743 ἦεν
542 2696 602 2733 ἐπὶ
625 2696 761 2742 χθόνα,
785 2708 876 2738 τους

529 2743 573 2779 δ’
609 2743 670 2787 ἄρ’
693 2741 828 2787 Ἀθήνη

159 2789 264 2827 νυκτὶ
311 2786 583 2846 κατακρύψασα
619 2791 726 2831 θοῶς
769 2789 874 2835 ἐξῆγε

528 2835 681 2881 πόληος.

160 2881 196 2917 οἳ
220 2881 262 2917 δ’
284 2880 362 2918 ἔπει
388 2880 426 2917 ἐκ
449 2880 579 2923 πόλιος
601 2882 759 2928 κατέβαν
784 2886 851 2916 etc.

71 2931 164 2962 certe
187 2929 272 2963 haec
295 2929 423 2973 optime
447 2930 647 2969 cohaerent,
671 2941 735 2963 nec
757 2927 878 2963 recisis

71 2974 149 3009 istis
168 2975 259 3020 justo
285 2976 426 3011 brevior
450 2975 491 3011 fit
514 2975 571 3012 hic
593 2976 694 3018 liber,
716 2976 785 3012 344
800 2986 878 3010 v-er

904 1640 976 1663 mus
1000 1636 1155 1669 sextum,
1181 1638 1245 1660 nec
1269 1626 1373 1659 multo
1397 1624 1591 1667 longiorem
1615 1621 1725 1666 septi-

906 1686 1003 1708 mum.
1038 1685 1229 1718 quanquam
1254 1671 1361 1705 omnis
1385 1670 1459 1704 ista
1484 1668 1623 1708 divisio,
1649 1679 1725 1701 cum

905 1720 953 1754 sit
976 1720 1169 1754 recentiore
1202 1729 1287 1752 aevo
1321 1718 1436 1758 facta,
1474 1715 1551 1748 leve
1576 1725 1725 1747 momen-

906 1772 976 1800 tum
1017 1766 1124 1799 habet
1163 1765 1206 1798 ad
1244 1742 1473 1807 judicandtim
1507 1761 1550 1794 de
1583 1758 1726 1794 Homeri

908 1812 1126 1846 carminibus.
1163 1816 1313 1844 ceterum
1339 1820 1374 1842 v.
1402 1819 1484 1841 ann.
1509 1806 1553 1840 ad
1577 1805 1631 1850 ψ’,
1644 1808 1725 1841 296.

908 1858 939 1892 Ε
964 1858 1007 1891 ad
1025 1859 1119 1897 203„
1144 1868 1178 1901 p.
1204 1856 1305 1890 1956.
1331 1858 1449 1888 extr..
1474 1872 1519 1878 ——
1544 1852 1612 1896 χρή
1629 1865 1727 1896 μνη-

911 1904 1050 1948 σθῆναι
1074 1904 1142 1938 τοῦ
1166 1903 1301 1937 λοιποῦ
1325 1900 1387 1934 καὶ
1413 1913 1470 1934 ων
1501 1900 1553 1940 εἰς
1577 1898 1644 1943 τήν
1668 1910 1727 1933 νε-

909 1952 1020 1985 κυίαν
1053 1949 1197 1991 ταύτην
1230 1948 1470 1991 ἐπεχείρησαν
1503 1945 1539 1981 οἱ
1562 1944 1726 1987 παλαιοι,

913 1993 957 2042 ,ἲν
981 1997 1018 2031 οὶ
1040 1994 1107 2040 μὲν
1139 1994 1421 2038 ἐκμοχλεύοντες
1456 1992 1523 2037 τῆς
1544 1989 1727 2035 ποιήσεως

909 2042 1060 2089 ταύτης,
1087 2041 1122 2078 οἱ
1147 2041 1187 2076 65
1211 2041 1465 2080 συνιστῶντες,
1488 2038 1648 2073 τοιαῦτα
1671 2036 1726 2073 εἷω

911 2103 997 2125 που.
1058 2090 1145 2131 Τίς,
1182 2087 1295 2133 φασὶ,
1328 2088 1432 2131 χρεία
1456 2087 1527 2120 τοῦ
1551 2084 1726 2128 δευτέρου

911 2138 978 2178 τῆς
1007 2137 1157 2174 νεκυίας
1187 2134 1423 2189 ἐπεισοδίους
1459 2129 1483 2176 ἡ
1516 2131 1638 2174 λύσις,
1668 2129 1728 2168 ότι

913 2183 1036 2218 αἴτιον
1061 2181 1083 2228 ἡ
1108 2183 1174 2238 τῆς
1193 2179 1374 2224 ποιήσεως
1396 2177 1624 2234 πολύφωνος
1644 2191 1728 2213 ποι-

912 2230 1035 2271 κιλία,
1058 2229 1120 2263 καὶ
1145 2225 1203 2263 ὅτι
1227 2228 1290 2262 καὶ
1315 2226 1419 2270 ἕτερα
1441 2223 1547 2268 παρὰ
1571 2226 1621 2269 τῷ
1644 2237 1727 2259 ποι-

914 2277 986 2322 ητῇ
1018 2273 1135 2311 πολλοὶ
1159 2277 1300 2309 κεῖνται
1332 2271 1512 2317 ὁμοειδῆ,
1551 2270 1634 2306 οἷον
1657 2283 1728 2314 μο-

913 2324 1090 2376 νομαχίαι
1134 2319 1228 2356 κατὰ
1265 2318 1467 2364 πρόκλησιν
1506 2331 1538 2352 κ.
1586 2317 1729 2361 σφαγαὶ

913 2383 1008 2405 κατα
1021 2367 1136 2412 τύχην
1157 2366 1297 2411 όμοιαι,
1319 2381 1351 2402 κ.
1369 2363 1579 2415 προσώπων
1599 2368 1729 2408 μεγαλ-

916 2417 1044 2460 αυχίαι
1082 2413 1290 2458 ταυτότητα
1331 2412 1495 2456 ἔχουσαι.
1543 2411 1596 2444 ἔτι
1631 2413 1731 2465 πῶς,

917 2462 1028 2507 φασι,
1051 2459 1228 2516 χθόνιόν
1238 2472 1277 2494 τε
1299 2472 1332 2493 κ
1357 2455 1592 2513 ’ψυχοσεόλον
1615 2453 1731 2492 α’συν-

916 2508 1024 2553 ήθως
1055 2511 1158 2542 καλεῖ
1186 2505 1253 2542 τόν
1272 2504 1434 2549 Ερμῆν,·
1469 2501 1490 2547 ἡ
1516 2502 1635 2545 λύσις,
1671 2516 1731 2539 ou

918 2554 1069 2611 συνῳδα
1091 2555 1210 2588 ταῦτα
1233 2555 1312 2591 τοῖς
1329 2552 1510 2590 Ἰλιακοῖς,
1534 2549 1630 2584 ἔνθα
1656 2549 1752 2593 ἕρμ’

919 2600 1049 2640 ούνιον
1081 2599 1201 2636 αὐτόν
1233 2601 1338 2633 καλεῖ
1346 2598 1437 2655 =..Ul
1467 2594 1514 2637 v',
1546 2597 1591 2630 72
1626 2602 1692 2631 etc
1698 2597 1730 2638 ),

918 2647 1025 2683 καθά
1048 2648 1109 2682 καὶ
1132 2646 1171 2682 ἐν
1187 2648 1267 2685 τοῖς
1284 2643 1354 2687 πρὸ
1370 2640 1514 2679 τούτων
1539 2639 1608 2685 (θ’,
1624 2643 1730 2686 322)-

923 2708 943 2729 ο
970 2693 1009 2729 65
1034 2693 1232 2748 ἐριούνιος
1240 2690 1278 2726 ἐκ
1302 2691 1368 2734 τῆς
1392 2689 1476 2732 ἔρας
1489 2691 1731 2744 παραφρονεῖ-

921 2754 994 2775 ται.
1019 2741 1081 2785 (Ι)
1107 2740 1168 2775 καὶ
1192 2736 1262 2773 τὸν
1280 2735 1464 2794 Ηρακλῆν
1489 2733 1530 2770 65
1556 2736 1608 2775 εἰς
1631 2731 1730 2779 ᾅδου

915 2784 1086 2830 Ερμείας
1117 2786 1252 2829 πέμπει
1285 2783 1353 2818 σὺν
1380 2780 1540 2827 Ἀθηνᾷ,
1570 2777 1632 2817 ὅτε
1665 2780 1732 2817 τὸν

921 2834 1106 2878 Κέρβερον
1131 2830 1300 2875 ἀνήγαγε.
1333 2829 1394 2873 (v.
1420 2829 1496 2872 Hey
1501 2840 1534 2861 n.
1558 2829 1662 2862 obss.
1687 2829 1733 2862 ad

922 2880 1078 2935 Apollod.
1114 2880 1274 2923 p.176.‚
1307 2875 1367 2909 ubi
1397 2874 1517 2910 laudat
1539 2874 1656 2908 Schol.
1689 2873 1734 2908 ad

922 2924 1283 2980 11.132366.)n039
1292 2920 1353 2963 65,
1387 2920 1500 2977 φασὶ,
1531 2920 1596 2955 ’καὶ
1618 2919 1734 2964 πέτρα

924 2972 1068 3015 Λευκάς
1095 2971 1189 3017 πρὸς
1221 2972 1301 3013 τοῖς
1331 2969 1402 3005 τοῦ
1433 2963 1532 3016 ᾅδου
1563 2964 1735 3013 ἀφεγγέσι

1285 3059 1301 3071 r
