1821 3288
64 112 125 155 92

697 110 1104 155 ὈΜΗΡΟΥ

237 221 297 274 τός
323 219 367 266 κ’
397 215 449 265 εὖ
477 219 705 267 θαλπιόων
734 220 1049 293 χρυσόθρονον
1071 220 1161 267 Ἠῶ
1189 223 1350 281 ἵκηται.

123 284 207 325 320
235 279 385 350 η’ωθεν
415 278 462 322 65
495 276 597 334 μάλ’
628 281 703 335 ἠρι
731 278 909 323 λοέσσαι
938 295 997 330 τε,
1027 281 1177 334 χρῖσαί
1203 295 1264 332 τε,

235 335 295 386 ὥς
323 333 367 379 κ’
393 335 527 380 ἔνδον
554 336 672 388 παρὰ
705 333 938 407 Τηλεμάχῳ
971 337 1166 381 δείπνοιο
1197 338 1378 410 μέδηται

235 391 396 448 η’μενος
425 393 472 436 έν
500 391 688 462 μεγάρῳ.
717 397 780 448 τῷ
809 391 851 435 δ’
882 392 1047 462 ἄλγιον,
1078 393 1128 445 ὅς
1156 410 1233 437 κεν
1264 395 1442 439 ἐκείνων

235 452 398 492 τοῦτον
427 448 585 521 ἀνιάζῃ
613 436 934 517 θυμοφθόρος·
971 448 1077 493 οὐδέ
1105 466 1146 493 τι
1177 450 1307 506 ἔργον

237 504 393 549 ἐνθάδ’
423 505 484 550 ἔτι
513 504 674 575 πρήξει,
704 503 823 560 μάλα
854 521 935 558 περ
964 507 1258 562 κεχολωμένος
1291 510 1438 560 αἰνῶς.

123 564 206 607 325
235 565 329 613 πῶς
357 561 440 618 γάρ
468 562 571 618 ἐμεῦ
602 560 670 612 συ,
702 563 826 613 ξεῖνε,
857 560 1052 632 δαήσεαι,
1082 563 1123 606 εἰ’
1147 579 1188 606 τι
1215 570 1442 619 γυναικῶν

189 676 208 697 ιιι

236 616 410 662 ἀλλάων
438 620 625 673 περίειμι
653 616 764 660 νόον
793 618 868 660 καὶ
896 617 1132 690 ἐπίφρονα
1146 623 1293 675 μῆτιν,

238 676 279 718 εί
305 691 380 718 κεν
410 674 657 726 αὐσταλέος,
688 674 802 718 κακὰ
834 675 1013 730 εἱμένος,
1046 674 1094 718 έν
1122 676 1353 730 μεγαροισι

231 730 441 801 δαινύῃς
463 731 694 784 ἅνθρωποι
723 731 770 779 65
799 732 1085 786 μινυνθάδιοι
1114 733 1384 776 τελέθουσιν.

229 805 278 839 ος
305 788 385 857 μὲν
413 786 581 843 ἀπηνής
611 786 743 839 αυτὸς
762 787 834 859 ἔῃ,
867 789 943 832 καὶ
973 788 1140 857 ἀπηνέα
1169 790 1277 859 εἰδῇ,

124 850 208 890 330
240 848 301 902 τῷ
333 843 381 888 65
396 848 684 914 καταρῶνται
711 845 870 896 πάντες
897 846 1050 901 βροτοὶ
1081 843 1191 915 ἄλγε’
1224 846 1390 889 ὀπίσσω

239 890 362 972 ζωῷ,
381 899 493 955 ἀταρ
522 902 730 945 τεθνεῶτί
745 900 808 971 ,ἶγ
835 903 1149 974 ἐφεψιόωνται
1159 901 1365 952 ἅπαντες·

238 957 288 1009 ὃς
317 955 362 1001 6'
394 974 450 1001 αν
478 957 668 1014 ἀμύμων
698 956 833 1010 αυτὸς
862 959 924 1014 ἔῃ,
954 958 1029 1002 καὶ
1057 956 1266 1014 ἀμύμονα
1296 959 1406 1016 εἰδῇ,

191 1018 321 1095 *τοῦ
350 1013 430 1069 μέν
459 1031 505 1058 τε
533 1015 657 1066 κλέος
687 1014 795 1069 εύρυ
827 1017 901 1059 διὰ
932 1016 1063 1067 ξεῖνοι
1091 1018 1308 1072 φορέουσι

191 1070 410 1146 *πάντας
438 1071 503 1117 ἐπ’
533 1071 816 1128 ἀνθρώπους,
847 1073 1004 1116 πολλοί
1032 1072 1076 1117 τέ
1105 1089 1181 1130 μιν
1210 1071 1373 1116 ἐσθλὸν
1401 1071 1589 1116 Ξ-’.ιειπονα

71 1211 139 1242 etc.
161 1226 207 1232 —
230 1205 504 1250 θαλπιόων,
528 1219 549 1242 a
569 1205 759 1249 θαλπιάω,
768 1199 876 1242 cale·

70 1266 175 1288 scens.
200 1273 245 1280 -
268 1253 379 1299 μάλ’
401 1250 500 1300 ἦρι,
534 1256 641 1289 multo
672 1266 785 1288 mane.
826 1251 875 1296 v'‚

74 1300 149 1343 156,
174 1300 212 1356 ll:
238 1298 273 1342 ι’,
297 1302 378 1336 360.
404 1320 445 1327 -
472 1299 654 1345 ἄλγιον.
679 1297 722 1344 ρ’,
749 1300 805 1342 14,
830 1298 876 1342 δ’,

71 1348 148 1387 292,
172 1345 220 1386 π’,
255 1327 322 1382 1⁹47
353 1351 420 1382 etc.
442 1366 488 1373 --
525 1351 597 1381 Αιιι.
621 1348 681 1384 ΒΛ
707 1366 752 1372 -
777 1345 877 1388 ὅστις

73 1391 111 1428 65
135 1371 401 1451 θυμοφθόρος
413 1394 548 1428 τοῦτον
571 1390 723 1452 ἀνιάζῃ,
744 1391 876 1429 κάκιον

71 1439 183 1499 αὐτῷ.
227 1443 337 1483 θυμ.
364 1439 406 1476 65
437 1440 607 1484 σημαίνει
640 1437 879 1484 ἐφθαρμένος

71 1486 137 1532 τὴν
148 1475 307 1531 ψυχήν,
336 1485 554 1543 φρενοπλήξ
580 1487 734 1541 (mente
744 1492 877 1532 captus,

70 1534 239 1589 insanus).
264 1531 375 1569 οὐδὲν
400 1532 508 1577 ἔργον
531 1529 638 1573 ἀνίας
662 1527 790 1567 ἀνυσει
812 1545 878 1567 κα-

71 1577 117 1614 τά
138 1581 206 1615 τοῦ
230 1579 360 1624 ξένου·
385 1578 453 1624 ἐγὼ
478 1578 548 1624 γάρ
572 1578 691 1614 αὐτοῦ
703 1578 880 1622 προΐστα-

71 1639 149 1670 μαι.
172 1627 311 1661 varians
333 1627 454 1678 script.
481 1637 536 1670 ap.
551 1626 601 1660 Ε.
629 1623 719 1661 ουδέ
737 1638 797 1660 τοι
822 1625 879 1670 ε’ρ-

71 1686 137 1718 γον
159 1670 320 1709 Ἐνθάδε
343 1686 380 1707 τι
401 1670 539 1716 πρήξει.
582 1672 637 1706 Ε.
669 1671 713 1707 τό
740 1670 780 1706 65
805 1673 880 1708 δα-

75 1719 212 1764 ήσεαι
245 1721 383 1760 καινῶς
423 1718 550 1775 γενικῇ
594 1717 798 1774 συνέταξεν...
832 1737 879 1743 —-

72 1769 174 1802 ποιεῖ
196 1763 236 1802 65
252 1767 363 1801 τοῦτο
388 1761 480 1800 καθ’
507 1763 711 1810 ὁμοιότητα
727 1763 798 1799 τοῦ
824 1764 878 1799 εἰ-

72 1813 189 1855 δέναι,
215 1809 235 1847 ὃ
259 1812 320 1848 καὶ
346 1808 440 1847 αὐτό
467 1811 591 1857 γενικῇ
612 1823 702 1846 ποτε
725 1809 880 1846 συντάσ-

73 1872 185 1897 σεται.
211 1872 243 1894 v
271 1859 397 1893 Matth.
428 1861 458 1900 §-
482 1859 562 1893 322.
595 1879 642 1885 --
673 1855 880 1903 ἐπίφρο-

72 1920 137 1942 να.
163 1906 208 1949 γ’,
233 1906 301 1942 128
325 1911 393 1939 etc.
431 1904 483 1938 Ε·
510 1902 762 1948 ἐχέφρονα.

117 1954 198 1988 327.
223 1949 347 1986 κακὰ
373 1950 577 1994 εἱμένος.
601 1956 638 1985 at
654 1950 736 1984 nihil
760 1949 803 1984 de
819 1961 879 1984 ve-

73 1998 206 2033 stiendo
231 1998 364 2043 hospite
388 1996 507 2040 regina
531 1996 638 2030 edixit
662 1997 698 2030 in
721 1996 880 2041 superio-

74 2045 177 2099 ribus,
204 2051 239 2079 et
261 2045 353 2078 infra
378 2045 458 2078 507.
483 2044 572 2077 lotus
586 2043 730 2086 Ulysses
755 2042 881 2097 pannis

75 2091 190 2145 operit
220 2090 426 2125 cicatricem.
475 2100 557 2133 ergo
590 2099 754 2133 ponamus
784 2085 881 2144 κακοὶ

76 2137 221 2182 ἦμεν,ος
243 2138 276 2170 h.
294 2148 321 2169 e.
342 2135 477 2176 κακῶς,
501 2136 593 2168 male
609 2136 804 2175 collocatus,
829 2133 880 2167 in-

75 2186 153 2219 fimo
170 2183 244 2217 loco
264 2182 400 2225 sedens,
424 2193 492 2215 non
509 2181 600 2226 apud
623 2181 880 2235 Telemachum,

74 2235 112 2264 ut
143 2229 248 2273 jussit
271 2229 351 2264 321.
382 2232 419 2261 et
451 2228 508 2261 22.
542 2231 644 2261 antea
675 2227 762 2260 enim
793 2226 880 2260 foris

76 2275 282 2310 consederat
315 2274 349 2308 in
384 2273 520 2307 limine.
551 2285 586 2306 v.
618 2270 664 2314 ρ’,
689 2274 769 2314 339,
801 2273 882 2315 466,

76 2329 113 2356 et
136 2320 182 2366 η’,
209 2322 295 2362 159,
331 2320 390 2354 ubi
413 2319 592 2353 Echeneus
615 2318 787 2352 Phaeax
777 2330 812 2352 ιιι
834 2319 883 2351 si-

76 2368 144 2402 mili
161 2378 279 2401 causa:
302 2363 460 2404 Ἀλκίνο’
487 2362 532 2400 οὗ
548 2366 675 2408 μέντοι
690 2363 776 2409 τόγε
794 2364 883 2399 κάλ-

75 2417 167 2471 λιον,
191 2410 317 2449 0v65''
300 2425 406 2454 εοικε,
430 2413 601 2450 Ξεῖνον
624 2410 711 2456 μὲν
733 2411 884 2456 χαμαὶ

75 2455 231 2505 ἧσθαι
258 2456 311 2494 ἐπ’
338 2457 472 2504 ἐσχάρῃ
507 2457 545 2493 ἐν
570 2460 748 2504 κονίῃσιν.
781 2458 825 2491 cf.
848 2462 884 2492 et

76 2507 219 2541 inferius
243 2506 322 2541 389.
346 2505 487 2540 confusa
509 2517 533 2548 η
559 2509 594 2538 et
619 2517 662 2545 ει,
689 2509 728 2538 ut
745 2504 884 2558 passim.

77 2559 173 2586 recte
196 2552 238 2585 B.
271 2563 350 2586 ann.
381 2550 425 2584 ad
458 2550 498 2585 11.
525 2548 570 2593 δ’,
593 2551 694 2586 384.-
725 2549 884 2592 „iotaci—

78 2609 169 2633 smus
192 2599 228 2631 in
251 2597 305 2630 his
324 2596 425 2631 codd.
453 2609 485 2631 ει
509 2609 571 2642 pro
597 2609 620 2641 η
644 2597 791 2641 peperit.
796 2599 819 2615 “
844 2616 881 2624 --

78 2663 124 2669 -—
147 2643 284 2678 restitui
307 2641 528 2685 αὐσταλέος,
553 2648 592 2676 ut
616 2642 691 2678 Ald.
716 2644 749 2678 3.
759 2667 769 2684 ,
794 2642 885 2687 quod

78 2690 187 2723 ceteri
209 2689 423 2734 scripserunt
447 2687 660 2729 ἀϋσταλέος,
684 2689 811 2729 versui,
846 2700 885 2721 o-

78 2735 190 2791 pinor,
214 2736 384 2778 timentes,
408 2735 466 2778 qui
490 2740 604 2769 sartus
620 2739 732 2768 tectus
754 2740 824 2768 est.
851 2745 885 2769 v.

80 2781 120 2815 11.
148 2779 194 2822 α’,
219 2782 285 2816 193
310 2785 376 2816 etc.
400 2782 452 2824 Ε,
485 2781 649 2815 incertum
675 2791 742 2825 qua
766 2783 885 2813 aucto-

80 2806 207 2861 ritate’x
232 2825 518 2868 αὐσταλέος,
542 2840 574 2861 κ.
599 2827 693 2861 κατὰ
716 2825 887 2861 διάλυσιν

82 2871 375 2930 ἀϋσταλέος,
425 2871 445 2909 ὁ
481 2871 656 2929 αὐχμῶν,
702 2870 777 2907 ἀπὸ
817 2873 888 2906 τοῦ

83 2916 186 2961 αῧω,
219 2917 258 2963 ἐξ
281 2915 327 2955 οὗ
352 2917 414 2956 καὶ
436 2916 456 2956 6
483 2917 623 2966 αὐχμὸς
645 2932 679 2955 κ.
703 2915 723 2954 ὁ
747 2915 888 2965 αὐχμη-

84 2964 148 3009 ρὸς
168 2969 237 3000 etc.

967 1209 1087 1245 328-
1097 1205 1178 1244 334.
1225 1208 1305 1243 Sch.
1318 1220 1328 1232 ·
1381 1206 1641 1264 ἅνθρωποι
1679 1207 1744 1246 65.

921 1265 1012 1298 μιν.
1034 1254 1304 1313 τελέθουσι.
1327 1257 1440 1290 τοῦτο
1465 1254 1557 1311 πρὸς
1577 1252 1646 1296 τήν
1670 1253 1731 1291 εὗ-

923 1302 1068 1345 φημίαν
1091 1300 1235 1356 εἴρηκεν
1258 1300 1338 1344 [καὶ
1359 1299 1584 1358 ἀναφέρεται
1601 1299 1662 1336 ἐπι
1686 1300 1730 1336 τὸ

920 1347 1050 1405 κλέος]-
1084 1345 1328 1403 ὀλιγοχρόνιοι
1359 1346 1400 1382 65
1431 1346 1664 1404 υπάρχοντες
1695 1347 1732 1383 οἱ

922 1392 1123 1437 ἄνθρωποι
1155 1392 1379 1449 ὀφείλουσιν
1407 1406 1448 1429 ευ
1481 1393 1656 1438 πράττειν
1690 1393 1732 1430 ἐν

922 1442 973 1487 τῷ
997 1442 1086 1486 βίῳ,
1112 1440 1176 1475 καὶ
1204 1441 1333 1485 φήμην
1358 1437 1521 1498 ἀγαθὴν
1532 1440 1615 1485 περὶ
1639 1439 1731 1476 ἑαυ-

922 1489 998 1522 ταῖν
1031 1487 1256 1522 ἀπολείπειν.
1287 1506 1332 1512 -
1365 1485 1572 1545 ἀπηνής,
1610 1487 1731 1529 durus,

923 1532 1084 1568 crudelis.
1107 1530 1150 1574 σ’,
1173 1533 1244 1568 380
1267 1537 1333 1567 etc.
1358 1533 1410 1568 Ε.
1436 1533 1454 1568 ὁ
1482 1532 1523 1568 65
1548 1532 1732 1589 ἀπηνέα

923 1578 1034 1614 εἰδῶ
1049 1592 1066 1620 ς
1104 1579 1265 1635 ἑτεροῖος
1296 1579 1365 1613 τοῦ
1405 1576 1532 1621 ἀπλως
1570 1577 1733 1636 ἀπηνέος

923 1625 1012 1662 ἐστι’.
1051 1625 1099 1680 [κ
1125 1622 1146 1660 6
1169 1623 1402 1680 ἀμύμονα
1426 1623 1571 1666 εἰδως
1593 1626 1664 1662 τοῦ
1687 1623 1732 1662 ἀ-

923 1673 1022 1711 πλαῖς
1053 1668 1271 1729 ἀμύμονος]
1307 1669 1451 1728 ἀπηνέα
1473 1670 1541 1716 μὲν
1559 1671 1629 1717 γάρ
1652 1672 1731 1717 [καὶ

924 1717 1114 1776 ἀμύμονα]
1152 1716 1239 1772 ἔργα
1272 1714 1375 1753 οἶδεν
1407 1731 1426 1753 ο
1458 1719 1539 1776 περὶ
1572 1721 1734 1755 τοιαῦτα

924 1763 997 1810 ἤδη
1033 1762 1263 1820 ἐπιστήμων·
1295 1761 1443 1820 ἀπηνής
1467 1764 1507 1800 65
1533 1765 1610 1809 [καὶ
1635 1763 1733 1822 ἀμυ-

924 1811 1026 1868 μων]
1047 1809 1115 1846 οὐκ
1139 1810 1176 1853 ἐξ
1201 1807 1362 1855 ἀνάγκης
1385 1808 1405 1845 6
1430 1812 1618 1869 τοιοῦτος,
1640 1809 1734 1848 ἀλλά

924 1858 988 1893 καὶ
1011 1855 1030 1892 6
1055 1855 1166 1901 μήπω
1189 1856 1324 1896 τέλειος
1357 1858 1409 1898 εἰς
1431 1857 1473 1893 τὸ
1497 1857 1635 1900 κακὸν,
1663 1871 1734 1904 μην

925 1903 966 1939 65
990 1903 1084 1938 κατὰ
1106 1902 1176 1960 τόν
1198 1902 1357 1950 ποιητὴν
1381 1901 1442 1958 (ρ’,
1469 1905 1551 1946 226,
1576 1903 1620 1948 σ’,
1645 1907 1732 1959 361)

924 1948 1091 1995 μαθών
1128 1949 1241 1993 ἔργα
1273 1948 1410 1985 κακά.
1445 1950 1593 1989 indolem
1625 1950 1734 1995 igitur

925 1996 1097 2040 significat
1121 1994 1285 2051 ἀπηνής,
1320 2007 1416 2030 usum
1452 2002 1488 2030 et
1511 1997 1732 2030 consuetudi-

925 2054 999 2076 nem
1019 2042 1060 2077 τὸ
1087 2043 1226 2078 εἰδέναι
1248 2040 1401 2087 ἀπηνέα,
1427 2043 1619 2097 eodemque
1632 2043 1731 2078 modo

925 2088 1125 2123 distinxeris
1145 2086 1305 2132 ἀμύμων
1329 2092 1364 2122 et
1386 2088 1524 2123 εἰδέναι
1543 2087 1733 2133 ἀμύμονα,

925 2135 970 2168 de
1003 2135 1126 2179 quibus
1157 2135 1273 2168 dicere
1304 2135 1503 2179 supersedit
1538 2136 1735 2180 interpres3

924 2180 958 2213 id
983 2181 1074 2225 quod
1099 2193 1142 2214 ex
1163 2182 1233 2214 fine
1257 2182 1372 2235 hujus
1382 2181 1611 2215 annotationis
1631 2181 1735 2215 intel-

926 2227 1037 2270 ligas,
1077 2227 1137 2261 ubi
1177 2226 1212 2260 in
1245 2228 1317 2261 solo
1349 2225 1494 2281 ἀπηνής
1527 2227 1732 2281 explicando

926 2272 1094 2308 subsistit.
1135 2284 1242 2318 quare
1273 2273 1383 2307 aliena
1409 2273 1484 2309 visa
1520 2273 1655 2307 uncinis
1677 2273 1732 2307 in-

929 2318 1096 2355 clusimus.
1142 2326 1292 2353 ceterum
1317 2320 1361 2353 cf.
1385 2319 1467 2355 346.
1491 2338 1535 2345 -
1569 2320 1629 2366 τῷ
1660 2317 1742 2362 65,

928 2365 978 2411 τῷ
1004 2363 1062 2410 δή.
1088 2385 1134 2390 -
1157 2367 1464 2408 καταρῶνται
1487 2363 1645 2410 ἄλγεα,
1671 2366 1735 2400 do-
1775 2389 1778 2392 -

930 2402 1017 2445 lo‘res
1049 2423 1108 2445 seu
1141 2411 1229 2446 mala
1260 2412 1503 2455 imprecantur.
1546 2431 1591 2436 —
1634 2411 1735 2448 Scin:

930 2455 1268 2503 ἐφεψιόωνται
1292 2458 1427 2517 (370..)
1473 2456 1736 2492 καθάπτονται

929 2518 961 2539 κ.
985 2505 1263 2547 λοιδοροῦνται·
1288 2501 1314 2547 ἢ
1336 2503 1565 2547 ἐπιχαίρουσι
1589 2517 1623 2539 κ.
1645 2503 1740 2548 ἐφή-

931 2553 1073 2585 δονται.
1098 2548 1360 2594 καθεψιᾶσθαι
1385 2552 1501 2584 eodem
1525 2562 1627 2585 sensu
1647 2551 1736 2584 dixit

929 2597 1072 2631 inferius
1103 2598 1193 2639 372,
1229 2596 1413 2641 ἑψιᾶσθαι
1447 2596 1490 2640 ρ’,
1524 2597 1593 2632 530
1624 2603 1661 2631 et
1687 2595 1740 2641 φ’,

930 2643 1010 2679 429.
1035 2660 1082 2673 ι·-
1105 2643 1186 2678 διοὶ
1212 2663 1254 2669 -
1281 2642 1531 2688 φορέουσι,
1559 2644 1740 2686 dzfferunt,

931 2689 1119 2733 divulgant.
1161 2690 1290 2723 tmesis,
1332 2690 1387 2722 E:
1422 2711 1467 2716 -
1503 2689 1738 2746 διαφέρουσι,

931 2736 1184 2779 διακομίζουσι
1205 2736 1409 2793 πανταζοῦ.
1431 2754 1473 2760 -
1497 2733 1716 2770 ἐσθλὸν”
1697 2747 1735 2769 ε-

931 2794 1088 2817 ειπον.
1121 2782 1153 2816 h.
1179 2794 1209 2815 e.
1235 2779 1369 2816 ἐσθλον
1393 2795 1440 2823 τι,
1464 2779 1592 2821 ἐσθλοὶ,
1616 2793 1658 2816 ευ
1686 2779 1738 2816 ει-

930 2840 1006 2863 πον
1029 2828 1102 2861 sive
1137 2827 1281 2871 ἔλεγον,
1315 2829 1512 2862 benedicere
1542 2828 1596 2861 illi
1617 2829 1739 2862 solent.

933 2886 1007 2909 eum
1033 2885 1108 2907 esse
1132 2874 1248 2907 horum
1272 2885 1430 2914 sensum,
1454 2872 1607 2907 ostendit
1630 2885 1739 2928 oppo-

934 2920 1034 2953 situm
1056 2920 1303 2963 καταρῶνται.
1327 2921 1370 2954 de
1386 2920 1519 2974 duplici
1544 2921 1740 2953 accus-{tivo

937 2978 970 3003 v.
996 2966 1035 3000 11.
1062 2979 1098 3008 ι,
1124 2967 1181 3010 58,
1205 2967 1332 3012 Od355.
1359 2963 1409 3009 π’,
1430 2967 1499 3002 460
1525 2971 1591 3000 etc.
1639 2965 1739 3000 simili

1269 3074 1291 3081 ο
