1821 3288
76 107 162 150 154

711 108 1114 154 ΟΜΗΡΟΥ

129 221 217 263 210
245 216 381 259 οιοισι
409 215 594 271 δμωων·
625 220 716 262 τῶν
745 217 788 262 δ’
821 218 964 262 ἄλλων
993 218 1051 262 οὗ
1077 236 1154 264 τευ
1184 220 1357 266 ἄκουσα

241 272 495 326 εὐξαμένου,
525 274 596 342 ἐμέ
625 274 673 329 γ’
706 292 829 325 αυτις
857 274 1113 329 ὑπότροπον
1143 277 1287 322 οἷ”καδ
1322 279 1505 325 ἱκέσθαι.

242 333 388 401 σφῶιν
419 330 460 374 δ’

463 365 473 384 ,
505 329 564 382 ὥς
596 331 736 375 ἔσεταί
763 348 855 385 περ,
888 331 1104 400 ἀληθείην
1134 336 1365 385 καταλέξω.

241 387 282 428 εἴ
305 383 345 441 χ’
376 386 458 430 ὑπ’
487 388 632 443 ἐμοίγε
663 390 768 438 θεὸς
790 388 971 457 δαμάσῃ
1001 394 1247 461 μνηστῆρας
1277 390 1485 447 ἀγαυούς,

240 443 398 497 ἄξομαι
414 443 705 515 ἀμφοτέροις
721 443 921 500 α’λόχους,
952 447 1025 489 καὶ
1053 446 1236 502 κτήματ’
1265 448 1458 503 ὀπάσσω,

125 503 208 543 215
239 501 357 542 οἰκία
385 498 424 543 τ’
456 500 583 569 ἐγγὺς
597 501 727 570 ἐμεῖο
757 501 1009 556 τετυγμένα,
1040 506 1114 547 καί
1141 521 1218 559 μοι
1247 505 1393 548 ἔπειτα

182 555 207 583 *
245 556 500 612 Τηλεμάχου
530 557 671 611 ἑτάρω
701 573 757 607 τε,
789 558 1034 629 κασιγνήτω
1062 576 1121 612 τε,
1152 561 1348 605 ἔσεσθον.

239 614 276 655 εἰ
309 613 366 664 δ’,
396 614 474 665 ἄγε
499 614 573 682 δή,
608 614 682 657 καὶ
710 618 827 671 σῆμα
857 614 1101 670 ἀριφραδὲς
1131 616 1238 660 ἄλλο
1268 635 1310 661 τι
1342 620 1480 672 δείξω,

240 668 361 724 ὄφρα
389 669 439 725 μ’
471 668 521 712 ἐῦ
549 675 733 725 γνῶτον,
763 672 1042 740 πιστωθῆτόν
1071 672 1114 715 τ’
1143 673 1207 715 ἐνὶ
1245 678 1393 742 θυμῷ,

139 767 142 769 Α
245 725 395 781 ου’λὴν,
425 743 517 797 την
534 727 640 770 ποτέ
670 744 721 783 με
750 732 830 778 σῦς
859 728 990 784 η’λασε
1020 733 1160 785 λευκῷ
1190 728 1353 798 ὀδόντι,

122 788 206 827 220
236 781 517 839 Παρνησόνδ’
550 783 741 828 ἐλθόντα
770 785 854 829 σύν
881 785 1032 829 υἱάσιν
1060 774 1352 831 Αὐτολύκοιο.
1363 791 1393 814 “

682 910 800 935 eorum
823 899 950 944 gaudia
974 899 1114 935 flebilia.

303 973 387 1025 ’.Ως
416 974 551 1019 εῑπων
582 976 719 1033 ῥάκεα
747 978 952 1051 μεγάλης
965 977 1240 1035 αποέργαθεν
1271 979 1419 1036 ου’λῆς.

236 1048 296 1075 τω
328 1031 372 1076 δ’
401 1032 494 1076 ἐπεὶ
526 1034 749 1106 εἰσιδέτην,
782 1038 830 1079 εὐ
860 1036 905 1078 τ’
935 1036 1213 1090 ἐφράσσαντο
1245 1037 1415 1089 ε’καστα,

235 1093 391 1132 κλαῖον
422 1089 494 1145 ἄρ’
499 1122 510 1143 ,
541 1089 658 1159 ἄμφ’
687 1091 868 1161 Ὀδυσῆϊ
896 1094 1107 1148 δαΐφρονι
1136 1099 1249 1149 χεῖρε
1265 1093 1478 1165 βαλόντε,

239 1146 314 1188 καὶ
343 1145 505 1190 κύνεον
537 1146 860 1219 ἀγαπαζόμενοι
889 1152 1088 1205 κεφαλήν
1117 1167 1175 1203 τε,
1204 1167 1279 1194 και
1310 1152 1476 1205 ὤμους·

122 1204 204 1246 225
235 1200 295 1253 ὡς
325 1202 369 1245 δ’
401 1203 543 1253 αὕτως
575 1202 786 1256 Ὀδυσεύς
815 1206 1011 1258 κεφαλὰς
1039 1207 1112 1249 καὶ
1145 1212 1292 1262 χεῖρας
1322 1208 1492 1251 ε’κυσσε.

233 1261 310 1301 καί
339 1258 395 1303 νύ
425 1259 472 1302 κ’
503 1259 841 1331 ὀδυρομένοισιν
869 1263 945 1305 ἔδυ
979 1261 1095 1318 φάος
1111 1263 1303 1333 ἠελίοιο,
1541 1272 1544 1275 ”

235 1318 273 1359 εἰ
300 1315 359 1373 μὴ
389 1315 622 1369 Ὀδυσσεύς
655 1316 790 1370 αὐτός
819 1318 1018 1376 ἐρύκακε,
1050 1318 1259 1378 φώνησέν
1287 1332 1356 1365 τε·

62 1496 139 1519 sors
169 1483 378 1519 describitur
407 1485 524 1519 verbis
555 1484 625 1519 illis
651 1486 793 1521 Eumaei
826 1485 870 1528 o'‚

61 1531 164 1567 367..
199 1530 322 1574 αὐτὰρ
357 1529 419 1574 ἔμε
455 1530 628 1588 χλαῖνάν
642 1545 700 1574 τε,
733 1531 873 1576 χιτῶνά

61 1590 112 1619 τε,
137 1575 253 1635 ειματ’
278 1575 397 1633 ἐκείνη
420 1577 526 1613 Καλὰ
545 1575 628 1620 μάλ’
647 1578 872 1636 ἀμφιέσασα,

61 1625 176 1660 ποσὶν
210 1622 250 1659 6'
284 1621 512 1668 ’ὑποδήματα
537 1625 674 1665 δοῦσα,
707 1623 873 1669 Ἀγρόνδε

62 1671 258 1716 προῖαλλε·
297 1673 395 1716 φίλει
427 1670 467 1706 δέ
491 1683 535 1715 με
559 1671 698 1715 κηρόθι
721 1675 872 1716 μᾶλλον.

107 1742 187 1776 211.
214 1739 265 1774 sic
287 1739 439 1772 nonnulli
464 1738 553 1784 apud
579 1739 632 1773 Cl.
655 1741 779 1795 vulgo:
810 1739 872 1796 ἐμὲ

62 1782 181 1827 αὖτις.
219 1805 267 1811 --
299 1783 595 1829 υπότροπον.
631 1785 677 1829 ν’,
714 1787 795 1830 332,
827 1785 872 1833 χ’,

61 1836 107 1870 35
133 1840 200 1868 etc.

106 1904 196 1944 215,
231 1903 311 1938 216.
351 1901 435 1936 καί
465 1913 548 1945 μοι
581 1920 624 1926 --
659 1899 872 1936 εσεσθον.

62 1949 146 2003 quid
200 1949 265 1983 hoc
315 1946 381 1982 sibi
436 1948 527 1989 vult,
586 1952 743 1992 pastores
796 1948 873 1983 illos

62 1995 215 2030 seniores
249 1995 283 2027 in
315 1999 489 2037 posterum
519 1973 722 2027 Telemachi
755 1995 872 2029 adole-

62 2042 193 2076 scentis
226 2040 361 2074 sodales
391 2041 588 2084 fratresque
622 2041 756 2074 futuros
784 2052 872 2081 esse,

65 2099 132 2122 non
156 2087 265 2141 ipsius
284 2086 420 2130 Ulyssis
445 2086 627 2129 aequaevi,
648 2091 683 2119 et
706 2087 790 2130 ejus,
817 2087 872 2120 cui

63 2133 276 2189 potissimum
300 2143 388 2165 nunc
412 2131 700 2176 opitulabuntur?
725 2138 874 2178 apparet

63 2182 99 2215 in
123 2179 347 2214 annotatione
375 2177 552 2211 Eustathii
576 2179 620 2212 ad
646 2178 676 2210 h.
703 2178 726 2211 1.
741 2204 750 2220 ‚
776 2179 871 2222 cujus

61 2224 292 2261 annotationis
317 2230 447 2269 partem
477 2223 512 2256 in
532 2223 769 2267 superioribus
791 2235 872 2268 per-

62 2272 207 2316 scripsi,
244 2281 319 2305 eum
349 2269 547 2314 Τηλεμάχῳ
571 2270 698 2314 legisse
731 2271 767 2303 in
800 2270 873 2303 suis

63 2319 180 2358 libris,
226 2328 293 2351 non
330 2315 566 2360 Τηλεμάχου,
608 2315 699 2360 quod
735 2316 871 2360 quidem

64 2376 151 2399 nunc
175 2364 279 2397 habet
302 2362 336 2396 in
356 2364 470 2397 verbis
495 2365 624 2416 poetae
644 2374 678 2407 p.
698 2364 798 2404 1907,
825 2364 872 2404 2

62 2412 124 2445 sed
148 2410 278 2444 refictis
307 2409 376 2443 illis
400 2409 520 2454 procul
545 2408 649 2442 dubio
683 2408 727 2442 ad
751 2410 873 2453 vulga-

62 2463 131 2491 tam
156 2455 372 2500 scripturam,
399 2466 490 2488 inore
514 2454 742 2488 librariorum.
768 2455 871 2488 Barn.

64 2514 202 2548 quoque
242 2499 438 2545 Τηλεμάχῳ
471 2512 509 2534 se
545 2500 717 2534 invenisse
753 2502 802 2534 ait
836 2503 872 2534 in

64 2548 230 2582 nonnullis
264 2547 527 2592 exemplaribuS.
561 2547 680 2587 fallor,
713 2559 755 2580 an
786 2548 873 2581 latet

63 2594 220 2639 aliquid?
245 2605 322 2627 nam
345 2594 452 2638 ipsum
484 2591 683 2638 Τηλεμάχῳ
709 2604 776 2626 non
798 2604 871 2626 ma-

64 2641 118 2684 gis
144 2639 282 2684 proficit
304 2651 403 2684 quam
432 2639 664 2682 Τηλεμάχου,
693 2640 754 2672 sed
781 2639 870 2673 viam

65 2690 218 2744 pandere
241 2685 378 2719 videtur
404 2685 660 2719 emendationis.
684 2686 870 2718 scribamus

64 2733 127 2769 καί
149 2745 214 2775 μοι
243 2731 366 2767 ἔπειτα
383 2731 581 2776 Τηλεμάχῳ
604 2730 713 2775 ἑτέρω
730 2743 780 2773 τε,
804 2744 872 2766 κα·

66 2781 230 2823 σίγνητοί
254 2791 303 2819 τε,
330 2777 497 2819 ε’σεσθον,
529 2783 563 2812 et
585 2778 671 2812 mihi
692 2783 814 2821 postea
838 2782 872 2812 et

67 2826 170 2860 alteri
194 2826 414 2865 Telemachi,
447 2830 481 2858 ct
497 2825 654 2867 fratres,
680 2825 785 2858 eritis.
824 2825 874 2858 al-

67 2875 161 2906 teros
196 2882 254 2904 eos
288 2871 353 2904 sibi
377 2850 606 2904 T'elemachos
638 2870 773 2903 futuros
808 2871 870 2911 ait,

69 2917 346 2962 quemadmodum
372 2917 446 2950 Cic.
477 2919 624 2950 alterum
654 2917 792 2949 Verrem
823 2916 877 2950 di

72 2963 122 2997 xit
148 2963 250 2998 Verr.
281 2965 321 3006 5,
351 2963 408 2999 33.
442 2967 478 2996 et
511 2962 622 3007 Epist.
660 2963 703 2997 ad
728 2962 825 2997 Fam.
853 2961 886 3005 5,

918 1489 972 1523 8.
1005 1500 1058 1522 me
1080 1489 1168 1523 sicut
1201 1490 1351 1523 alterum
1378 1491 1565 1533 parentem
1597 1485 1728 1531 diligit.

918 1535 1089 1568 sententia
1121 1535 1318 1581 praeclara,
1358 1547 1426 1580 qua
1461 1546 1523 1579 per
1553 1532 1728 1567 elimacem

919 1581 1126 1625 patheticam
1170 1594 1208 1615 se
1259 1582 1404 1626 optimos
1453 1581 1529 1614 illos
1568 1584 1727 1632 pastores

918 1627 1120 1668 liberorum
1165 1627 1231 1660 imo
1266 1629 1430 1670 fratrum,
1476 1627 1550 1660 loco
1588 1625 1666 1659 habi
1671 1631 1728 1657 tu-

918 1684 994 1706 rum
1036 1684 1111 1707 esse
1143 1673 1288 1718 Ulysses
1330 1673 1426 1706 dicit.
1478 1672 1603 1717 quodsi
1633 1669 1728 1704 ‹livi-

920 1718 1092 1759 navimus,
1135 1730 1203 1752 non
1236 1719 1378 1752 difficile
1405 1718 1499 1752 dictu
1532 1724 1609 1759 est,
1641 1727 1728 1760 quo-

919 1765 1017 1798 modo
1043 1766 1128 1798 haec
1151 1765 1262 1798 labem
1286 1764 1467 1798 traxerint.
1500 1763 1665 1798 confundi
1690 1774 1728 1796 e-

918 1811 986 1844 nim
1011 1811 1120 1844 solent
1145 1824 1184 1845 αι
1208 1815 1243 1844 et
1269 1822 1285 1845 ε
1306 1811 1343 1844 iu
1365 1809 1486 1851 libris,
1505 1811 1728 1854 ipsorumque

918 1857 1098 1890 verborum
1123 1855 1246 1900 ἕτερος
1263 1863 1301 1891 et
1320 1856 1465 1899 ἑταῖρος
1485 1856 1728 1901 permixtorum

918 1903 1073 1948 exempla
1094 1904 1311 1947 protulerunt
1332 1903 1469 1937 Jacobs.
1493 1901 1632 1936 Anthol.
1657 1901 1728 1935 Pa·-

917 1949 979 1982 lat.
997 1950 1030 1983 3.
1057 1960 1092 1993 p.
1110 1951 1204 1992 560„
1229 1949 1270 1982 L.
1288 1949 1488 1983 Dindorfius
1511 1948 1626 1982 indice
1641 1946 1728 1980 Dio-

918 1995 994 2029 dori
1011 1995 1094 2036 Sic„
1113 1996 1185 2029 alu
1175 2007 1254 2040 lue
1278 1995 1329 2028 ita
1347 2001 1382 2029 et.
1402 1996 1433 2028 h.
1453 1995 1503 2028 l.÷
1487 1994 1595 2036 ετέρω
1612 1998 1730 2027 trans-
1786 2037 1789 2042 ι

917 2041 997 2074 ierit
1028 2041 1063 2074 in
1096 2040 1252 2084 ἑταίρω,
1287 2041 1382 2084 cujus
1419 2042 1453 2074 in
1485 2041 1594 2074 locum
1629 2039 1729 2073 metri

918 2086 1032 2130 gratia
1056 2094 1231 2121 corrector
1255 2086 1415 2131 aliquis
1402 2085 1521 2130 ετοῖρω
1544 2085 1729 2120 suffecisse

919 2133 1090 2178 putandus
1116 2140 1187 2174 est3
1213 2145 1280 2176 quo
1305 2134 1397 2166 tacto
1422 2145 1498 2167 cum
1522 2144 1623 2166 sensu
1648 2142 1728 2165 cas-

917 2191 990 2212 sum
1011 2179 1190 2213 videretur
1204 2178 1414 2222 Τηλεμάχω,
1425 2179 1638 2223 scripserunt
1652 2180 1728 2222 Τη-

917 2223 1085 2269 λεμάχῳ,
1119 2227 1196 2267 vel,
1234 2227 1324 2270 quod
1353 2225 1455 2259 etiam
1483 2225 1636 2271 apertius
1660 2225 1725 2259 tri-

916 2272 1053 2316 tiusque
1076 2277 1180 2313 esset,
1209 2271 1440 2316 Τηλεμάχου.

962 2339 1156 2375 217-224.
1182 2340 1226 2374 εἰ
1249 2338 1301 2385 δ’,
1361 2352 1419 2385 γε
1445 2338 1481 2383 ι’,
1505 2340 1562 2375 37.
1585 2339 1727 2395 -σῆ-

917 2383 1282 2430 μαοῖριφραδὲς.
1291 2354 1353 2429 '9:7-
1361 2354 1462 2422 γ125.
1489 2384 1726 2432 -οὗλήν,

918 2451 962 2456 —-
987 2431 1300 2469 Αὐτολύκοιο.
1334 2413 1378 2467 c'f.
1413 2432 1455 2476 τ’,
1489 2433 1568 2468 465.
1596 2439 1632 2466 et
1655 2435 1725 2473 66„

917 2482 1094 2535 totumque
1125 2479 1216 2513 illum
1248 2480 1368 2512 locum.
1403 2498 1446 2504 —
1487 2477 1728 2523 ἀποέργα-

917 2526 1027 2566 θεν,
1052 2523 1221 2569 ἀπεῖργε,
1243 2525 1394 2560 reduxit.
1427 2525 1466 2559 11.
1494 2524 1547 2568 φ’,
1571 2526 1652 2561 599.
1678 2525 1725 2559 cf.

917 2569 962 2615 γ’,
985 2573 1065 2627 296.
1083 2593 1128 2597 -
1154 2570 1472 2628 ἐφράσσαντο.
1496 2569 1539 2613 τ’,
1562 2572 1650 2606 485
1655 2577 1723 2605 etc.

916 2635 975 2718 3-ἷο
988 2615 1172 2698 ogsssffltanot
1184 2619 1331 2706 ὁεέιῖὶσ,
1310 2616 1725 2709 ηἱδιιῖοᾶέέωῗϋυιιῗὶιιὲωιιιῐ

915 2707 966 2751 π’,
991 2711 1059 2752 15.
1082 2708 1208 2755 ρ’,35,
1233 2708 1379 2755 χ’.,499

962 2779 1043 2814 226.
1067 2776 1117 2820 π’,
1141 2780 1222 2814 220.
1248 2780 1293 2813 cf.
1318 2777 1373 2822 ψ’,
1397 2780 1479 2820 241,
1502 2779 1542 2812 n.
1565 2777 1620 2824 ψ’,
1646 2777 1726 2816 154.
1780 2803 1784 2811 .

920 2824 1045 2868 „Virg.
1069 2826 1154 2858 Aen.
1181 2827 1222 2868 6,
1246 2827 1326 2862 537.
1340 2838 1349 2847 “
1389 2832 1422 2860 et
1437 2828 1516 2869 sors
1538 2837 1637 2860 omne
1661 2827 1727 2860 da-

917 2876 991 2905 tum
1018 2871 1196 2906 traherent
1223 2884 1288 2916 per
1311 2872 1400 2906 talia
1423 2877 1566 2915 tempus.
1607 2876 1644 2906 et
1670 2875 1727 2916 11,

922 2918 1026 2951 201..
1051 2936 1097 2942 --
1121 2930 1230 2963 neque
1253 2919 1359 2952 avelli
1378 2923 1541 2961 possunt,
1574 2930 1642 2953 nox
1665 2919 1731 2954 hu-

934 2963 1029 2998 mida
1055 2964 1161 3000 donec
1186 2966 1331 3000 [avertit
1355 2965 1494 2999 coelum.
1501 2968 1523 2986 ‘⁵
1554 2965 1607 3000 Cl.
