1821 3251
557 78 1139 126 ΟΔῬΣΣΕῘΑΣ
1203 85 1251 124 Ρ.

1677 87 1733 126 2Ί

122 198 206 245 335
234 198 397 254 μοῖραν
427 192 539 238 ἔλων
569 194 716 245 ἐτίθει,
745 192 910 267 κανέου
938 190 980 237 τ’
1008 192 1056 237 ἐκ
1087 197 1210 236 σῖτον
1240 191 1402 247 ἀείρας.
1439 227 1442 230 .

317 254 567 308 Ἀγχίμολον
597 251 642 295 δὲ
671 249 766 306 μετ’
803 250 942 294 αὐτόν
973 250 1150 294 ἐδύσετο
1182 248 1346 305 δώματ’
1377 250 1624 330 Ὀδυσσευς,

235 314 402 379 πτωχῷ
420 307 636 378 λευγαλέῳ
669 308 912 363 ἐναλίγκιος
939 306 1018 364 ἥδε
1045 308 1233 379 γέροντι,

235 365 553 440 σκηπτόμενος
585 366 638 408 τοὶ
672 365 718 409 δὲ
746 364 886 419 λυγρὰ
916 365 1014 419 περὶ
1043 366 1144 420 χροὶ·
1171 365 1324 419 εἵματα
1354 363 1470 409 ἕστο.

238 421 298 477 ἷζε
328 422 370 466 δ’
402 423 471 466 ἐπὶ
499 423 680 478 μελίνου
711 421 850 466 ουδοῦ
881 422 1060 465 ἔντοσθε
1089 406 1290 476 θυράων,

124 483 206 527 340
235 478 494 535 κλινάμενος
526 482 709 536 σταθμῷ
738 481 1051 547 κυπαρισσίνῳ,
1082 477 1136 522 ὅν
1165 493 1270 521 ποτε
1301 475 1463 520 τέκτων
1501 495 1503 498 ·

236 538 384 589 ξέσσεν
413 537 740 609 ἐπισταμένως.
761 537 835 580 καὶ
866 536 934 579 ἐπὶ
965 535 1165 591 στάθμην
1193 536 1337 577 ἰ’θυνε.

238 595 484 648 Τηλέμαχος
516 593 560 636 δ’
594 593 664 637 ἐπὶ
695 590 740 636 οἷ
767 594 950 644 καλέσας
978 593 1206 647 προσέειπε
1237 590 1453 647 συβώτην,

235 650 370 703 άρτον
399 651 440 693 τ’
473 646 610 693 οὖλον
634 649 755 722 θέλων
783 649 1068 703 περικαλλέος
1095 649 1143 693 ἐκ
1171 648 1364 696 κανέοιο,

231 707 306 752 καὶ
335 707 476 760 κρέας,
508 706 568 758 ω’ς
603 708 647 750 οἱ
674 712 812 762 χεῖρες
841 706 1086 762 ἐχάνδανον
1116 704 1438 776 ἀμφιβαλόντι·

119 766 203 813 345

319 764 451 816 ,,Δὸς
479 781 538 820 τῳ
570 765 695 832 ξείνῳ
727 766 865 806 ταῦτα
897 763 1060 831 φέρων,
1091 761 1230 805 αὐτόν
1258 777 1302 805 τε
1331 761 1479 805 κέλευε

233 822 411 874 αἰτίζειν
427 809 555 891 μάλα
584 819 752 870 πάντας
781 819 1067 889 ἐποιχόμενον
1095 822 1364 875 μνηστῆρας·

232 878 366 930 αἰδώς
397 875 438 920 δ’
472 875 555 919 οὐκ
582 875 730 946 α’γαθή
761 876 1010 946 κεχρημένῳ
1042 874 1170 930 ’ἀνδρὶ
1201 874 1450 927 napezvaaf‘

305 932 388 983 Ὡς
418 931 558 1006 φάτο·
588 936 644 989 βῆ
676 932 722 976 δὲ
752 931 1000 1000 συφορβὸς,
1032 932 1121 975 ἐπεὶ
1150 931 1230 974 τόν
1259 935 1408 986 μῦθον
1441 928 1642 982 ἄκουσεν,

229 989 367 1047 ἀγχοῦ
396 988 442 1032 δ’
473 988 702 1041 ἱστάμενος
731 990 835 1034 ε’πεα
863 987 1093 1041 πτερόεντ’
1123 986 1327 1044 ἀγόρευε

115 1051 199 1094 350

314 1044 606 1116 ,,Τηλέμαχός
634 1063 717 1098 τοι,
750 1047 872 1100 ξεῖνε,
903 1047 1023 1115 διδοῖ
1048 1044 1165 1096 τάδε,
1193 1047 1268 1089 καί
1299 1056 1346 1089 σε
1375 1040 1543 1088 κελεύει

228 1104 403 1176 αἰτίζειν
432 1102 548 1173 μάλα
579 1103 746 1154 πάντας
775 1103 1066 1175 ἐποιχόμενον
1095 1106 1367 1171 μνηστῆρας·

230 1152 339 1204 αιδω
369 1158 415 1204 δ’
446 1157 530 1204 οὐκ
561 1158 737 1218 ἀγαθήν
767 1158 876 1218 φησ’

910 1160 1092 1217 ἔμμεναι
1121 1157 1251 1216 ἀνδρὶ
1279 1158 1509 1214 προΐκτῃὲ(
1532 1176 1534 1179 ·

277 1262 396 1298 fausta
426 1267 590 1307 precatus
623 1263 832 1298 Telemacho
857 1263 1006 1308 Ulysses
1039 1263 1150 1297 cibum
1185 1262 1300 1307 capit,
1334 1260 1414 1295 dum
1448 1262 1582 1293 cantum
1613 1258 1729 1293 finivit

192 1309 376 1351 Phemius;
414 1310 514 1352 dein,
534 1311 637 1354 jussu
658 1310 862 1354 Minervae,
885 1311 1056 1346 mendicat
1080 1309 1178 1357 apud
1197 1319 1345 1355 procos,
1368 1307 1556 1350 micantes,
1581 1306 1660 1352 quis
1681 1305 1729 1340 sit

196 1362 232 1390 et
256 1356 346 1390 unde
370 1356 436 1390 adv
439 1356 564 1390 enerit.

316 1425 405 1469 Τόν
435 1422 477 1467 δ’
510 1422 863 1494 ἀπαμειβόμενος
890 1426 1093 1481 προσέφη
1122 1419 1364 1478 πολύμητις
1390 1388 1653 1493 Ὀδυσσεύς·

227 1485 352 1535 ,,Ζεῦ
383 1480 481 1533 ἄνα,
509 1481 771 1537 Τηλέμαχόν
787 1499 878 1553 μοι
909 1483 955 1527 ἐν
983 1482 1200 1541 ἀνδράσιν
1230 1482 1386 1537 ὄλβιον
1417 1483 1542 1527 εἰναι,

115 1541 198 1586 355
223 1541 299 1585 καί
329 1539 374 1581 οἱ
401 1538 544 1581 πάντα
572 1538 751 1608 γένοιθ’,
783 1539 893 1583 ὅσσα
923 1540 1079 1593 φρεσὶν
1109 1542 1185 1597 ησι
1213 1539 1458 1607 μενοινοίΙ*ι

302 1590 366 1639 ’H
388 1612 457 1650 ρα,
487 1595 563 1638 καὶ
594 1593 896 1651 ἀμφοτέρῃσιν
925 1597 1110 1650 ἐδέξατο,
1139 1596 1213 1640 καὶ
1242 1594 1488 1650 κατέθηκεν

223 1648 345 1709 αὖθι,
375 1653 529 1698 ποδων
556 1652 882 1710 προπάροιθεν,
912 1653 1123 1712 ἀεικελίης
1151 1653 1223 1699 ἐπὶ
1251 1651 1409 1709 πήρης,

52 1792 222 1828 adversus
253 1789 521 1831 Telemachum,
551 1799 646 1825 more
681 1791 866 1827 amantium

54 1844 91 1874 et
110 1839 302 1873 armentum.
326 1848 361 1872 v.
384 1837 442 1871 96.

95 1886 177 1925 337,
201 1886 234 1919 8.
261 1885 304 1918 cf.
323 1884 404 1920 202,
424 1883 458 1918 3.

97 1932 189 1972 339,
213 1929 271 1966 40.
305 1929 513 1985 μελίνου
527 1923 702 1971 ον’δοῦ,
737 1928 866 1963 liminis

49 1977 217 2021 frixa-inei,
247 1979 286 2010 ut
304 1973 422 2011 οὐδὸν
444 1971 598 2018 δρύινον
617 1973 666 2018 φ’,
697 1973 755 2008 43.
778 1975 865 2008 alias

51 2023 168 2058 limina
181 2029 287 2056 aenea
300 2026 334 2057 et
343 2021 479 2066 lapidea
488 2031 548 2053 seu
560 2031 702 2054 marmon
705 2032 746 2054 ea
757 2020 862 2055 dixit.

137 2069 221 2110 ‚‚83
243 2067 297 2110 θ’,
317 2070 439 2104 80etc'.
462 2065 863 2112 dearborepszae‘qadll.

52 2113 99 2158 ν’,
99 2083 203 2151 η178.
224 2113 496 2168 -σταθμῷ,
517 2113 617 2157 posti.
631 2126 864 2170 -κυπῆἔαρ

22 2171 24 2173 ’
51 2173 86 2196 v,
105 2173 184 2196 ann.
202 2161 247 2195 ad
260 2160 316 2197 64.
338 2160 388 2194 E:
411 2157 585 2215 ἀφελείας
605 2157 680 2194 δε
662 2160 822 2204 ηρὼϊκῆς
842 2156 861 2196 ὃ

52 2206 92 2244 ἐκ
102 2209 229 2252 μελίας
249 2206 375 2247 οὐδός,
400 2219 433 2241 κ.
454 2203 473 2240 ὁ
497 2208 760 2248 κυπαρίσσινος
778 2218 864 2241 στα-

51 2253 171 2297 θμός·
202 2252 251 2289 τοὶ
275 2253 316 2290 δέ
339 2265 378 2296 γε
400 2264 470 2286 του
493 2252 686 2288 Μενελάου
711 2249 775 2288 διὰ
797 2252 866 2297 τὴν

45 2297 196 2346 Ἑλένην
220 2298 284 2345 (6‘,
305 2299 371 2343 46)
405 2296 479 2341 ὄζει
513 2301 677 2344 Φρυγίας
709 2301 867 2344 τρυφῆς.

50 2347 175 2403 Ειιτίρ.
217 2348 283 2382 Or.
312 2345 403 2381 1085
446 2344 489 2378 de
523 2345 675 2380 Helena:
718 2359 866 2392 τρυφας

48 2392 121 2439 γάρ
145 2390 228 2450 ἥκει
259 2389 358 2436 δεῦρ’
384 2389 517 2446 ἔχουσα
546 2389 730 2439 Τρωικάς.

95 2440 176 2475 341.
201 2438 241 2482 ε’,
266 2438 348 2482 245,
373 2450 425 2478 Φ,
450 2438 508 2474 44.

97 2486 179 2527 343,
203 2485 238 2520 4.
264 2485 315 2518 Εε
339 2465 497 2524 οὖλον,
519 2482 586 2518 τόν
611 2480 700 2520 ολον
723 2497 756 2519 κ.
780 2480 865 2520 ἀκέ-

48 2544 172 2575 ραιον.
196 2550 242 2558 -
266 2530 578 2587 ἀμφιβαλεῖν
588 2529 627 2566 δε
651 2529 692 2566 τὸ
717 2534 865 2574 περιλα-

49 2579 150 2625 βεῖν,
182 2575 267 2621 ἤτοι
296 2580 492 2632 περισχεῖν.
537 2576 579 2611 τὸ
606 2575 646 2612 δὲ
680 2576 864 2635 χανδά-

50 2637 157 2660 νειν
192 2624 257 2668 (ΙΙ.
281 2621 335 2667 ψ’,
359 2622 460 2666 742.)
485 2623 686 2678 χαριστέον
717 2637 782 2668 μεν
815 2626 862 2668 τῇ

49 2669 208 2715 ποιήσει.
249 2669 369 2704 ἰστέον
393 2667 455 2709 δε,
481 2667 542 2704 ότι
566 2670 604 2705 ἐκ
627 2672 698 2705 τοῦ
696 2671 790 2729 χῶ,
817 2671 859 2705 τὰ

48 2717 169 2772 χωρῶ
180 2716 331 2761 (capio),
355 2716 496 2760 γίνεται
519 2715 639 2761 χάζω,
664 2712 710 2751 οὗ
736 2716 861 2752 δεύτε-

48 2776 114 2807 ρος
145 2760 319 2819 ἀόριστος
362 2761 516 2805 ἔχαδον,
561 2763 600 2807 ἐξ
639 2761 685 2799 οὗ
723 2764 863 2819 μέλλων

48 2808 220 2852 δεύτερος
263 2807 555 2849 αὕθνπότακτος
598 2809 726 2854 χάδω,
770 2808 862 2845 ὅθεν

47 2855 112 2892 καὶ
121 2853 229 2891 -κατοὶ
252 2852 469 2899 ἀναδρομὴν
485 2855 632 2912 συνήθη
657 2855 759 2902 χάδω
785 2855 861 2892 ἐνε-

49 2901 164 2946 στῶς,
188 2915 222 2937 κ.
243 2901 469 2957 παράγωγον
494 2901 672 2947 χαδάνω,
696 2916 730 2938 κ.
755 2906 862 2939 πλεο·

47 2949 176 2994 νασμῷ
213 2949 286 2986 τοῦ*
317 2961 356 2992 ν,
387 2947 457 2984 das
487 2950 680 2992 κρείττονα
715 2950 861 2996 φωνήν,

905 2118 1034 2162 jectum
1075 2117 1128 2160 τῷ
1170 2112 1390 2159 κεχρημένῳ.

910 1784 1086 1837 χανδάνω
1109 1789 1205 1828 κατὰ
1235 1787 1279 1826 τό
1305 1785 1458 1825 &vedum
1481 1799 1515 1822 κ.
1547 1781 1620 1822 ὅσα
1645 1797 1724 1822 τοι-

915 1840 1084 1921 αῦέίῗΊ-
1097 1885 1176 1920 352.
1209 1895 1235 1917 π
1244 1896 1269 1917 α
1281 1895 1301 1925 ρ
1311 1893 1326 1917 ε
1337 1883 1354 1915 ἴ
1363 1893 1384 1914 ν
1396 1893 1420 1916 α
1432 1893 1455 1914 ι.
1490 1879 1542 1913 sic
1566 1878 1725 1925 meliores

911 1930 1005 1974 libri,
1029 1931 1065 1965 in
1090 1930 1216 1976 unbus
1241 1929 1316 1962 Ald.
1342 1928 1376 1962 3.
1403 1926 1481 1962 edd.
1508 1925 1641 1960 mediae
1665 1922 1725 1958 ειε-

899 1978 995 2013 ·tatis
1026 1988 1139 2021 usque
1172 1975 1216 2010 ad
1240 1973 1380 2008 Clarkei
1414 1978 1449 2007 et
1474 1972 1526 2005 Ε·
1545 1971 1722 2016 προΐκτῃ,

910 2023 1001 2070 quod
1032 2035 1074 2057 ex
1110 2024 1180 2059 352
1222 2021 1370 2055 accitum
1405 2019 1526 2053 merito
1559 2018 1725 2063 repudia-

907 2076 990 2105 runt
1014 2068 1179 2111 ethici,
1193 2072 1324 2123 utpote
1339 2066 1612 2146 ταυτοζογικως
1641 2065 1725 2098 sub-

908 2152 1150 2208 urus-(449)
1168 2162 1381 2204 προσαίτης,
1401 2123 1553 2201 (ωιιΙΙΙιιὲι
1570 2109 1724 2203 ⁷2²9le.

908 2222 1094 2253 π-τῃ,
1134 2206 1301 2241 siuuidem
1335 2206 1446 2249 glossa
1486 2204 1640 2248 pertinet
1678 2194 1724 2238 ad

900 2256 1010 2300 -1ι.1.)
1044 2253 1120 2290 ἀπὸ
1143 2256 1212 2288 τοῦ
1236 2255 1376 2296 προῖκα
1407 2249 1616 2307 βούλεσθαι
1634 2253 1724 2293 λαμ-

910 2301 1058 2350 βάνειν,
1087 2300 1256 2336 τουτέστι
1293 2297 1458 2342 δωρεάν·
1491 2293 1517 2340 ἢ
1546 2293 1620 2331 ἀπὸ
1653 2298 1723 2331 τοῦ

910 2350 1175 2393 προϊκνεῖσθαι
1208 2359 1241 2381 κ.
1266 2346 1435 2385 δέεσθαι,
1470 2348 1552 2380 οἱον
1576 2356 1723 2385 προαπ-

911 2398 1040 2440 αιτᾷν.
1091 2395 1137 2428 cf.
1181 2403 1260 2426 ann.
1304 2392 1348 2426 ad
1391 2392 1470 2426 219.
1528 2390 1723 2431 „similiter

910 2445 990 2479 578
1004 2455 1012 2476 :
1035 2440 1148 2481 κακὸς
1172 2437 1211 2474 δ’
1238 2439 1386 2478 αἰδοῖος
1412 2433 1559 2481 ἀλήτης.
1599 2436 1723 2470 Βίτίιιε

910 2489 977 2531 34,
1002 2488 1055 2522 4.
1089 2487 1256 2532 pessimus
1289 2486 1426 2530 quidem
1457 2484 1572 2528 pudor
1602 2487 1653 2517 est
1676 2503 1722 2509 —

906 2536 1168 2582 paupertatis}
1191 2533 1221 2565 Ε
1249 2531 1302 2566 cl.

955 2581 1065 2617 354-
1071 2582 1151 2615 357.
1181 2578 1267 2612 Ζευ
1291 2576 1404 2620 ἄνα,
1428 2593 1474 2600 —-
1500 2577 1643 2610 εἴναι.
1667 2573 1722 2608 in-

909 2627 983 2662 teu.
1009 2625 1088 2669 δὸς,
1110 2625 1276 2679 εὔχομαι,
1294 2626 1466 2669 ποίησον,
1488 2626 1528 2654 ut
1544 2620 1720 2665 Aristoph.

908 2670 1417 2716 Ran.837.:271{,u⁷7r29,—
1442 2665 1556 2703 Εἶναί
1577 2679 1621 2710 με
1645 2668 1722 2701 τῶν

909 2722 984 2755 σῶν
1007 2718 1115 2763 ἄξιον
1140 2718 1362 2763 μυστηρίων.
1388 2716 1429 2749 ΙΙ.
1453 2715 1496 2759 γ’,
1521 2716 1620 2749 351.;
1650 2715 1721 2748 Ζεῦ

908 2765 1003 2810 ἄνα,
1046 2766 1113 2807 δός
1146 2767 1326 2800 τίσασθαι
1361 2767 1426 2796 etc.
1460 2762 1507 2795 cf.
1548 2758 1597 2793 ibi
1628 2771 1720 2801 ann„

906 2813 1003 2854 seh,
1031 2813 1074 2868 Ε.
1099 2809 1345 2865 -ἀμφοτ,
1375 2809 1475 2852 plene
1499 2802 1596 2849 ἀμφ.
1619 2807 1720 2850 χερσὶ

908 2859 996 2892 dixit
1020 2871 1059 2904 ε,
1086 2861 1164 2895 116.
1191 2859 1237 2892 cf.
1262 2854 1305 2897 κ’,
1328 2857 1409 2897 263,
1431 2853 1471 2887 ΙΙ.
1499 2851 1538 2893 ε’,
1558 2854 1625 2888 417
1642 2858 1718 2887 ¹etc.

909 2885 1254 2947 -ἀεικελίης,
1277 2903 1410 2945 turpis,
1435 2898 1609 2934 sordidae.
1637 2899 1716 2941 197,

909 2953 986 2988 198.
1011 2972 1056 2978 —
1089 2955 1161 2988 Am.
1186 2952 1211 2986 2·
1249 2954 1288 2984 et
1308 2948 1412 2983 Sch:
1447 2944 1524 2983 ἐπὶ
1555 2942 1713 2990 πήρης
