1821 3288
80 113 166 155 174

723 103 1120 150 ΟΜΗΡΟΥ

207 221 229 245 *
257 216 330 262 cdv
359 213 615 269 ἆποπροῖεὶς
643 213 776 272 βάλλε
805 217 968 270 στῆθος
995 211 1114 268 παρὰ
1143 209 1308 268 μαζόν,Ι

256 274 307 318 ἐν
338 273 386 317 δέ
415 274 460 316 οἱ
485 272 619 329 ἥπατι
646 273 752 327 πῆξε
779 271 894 315 θοὸν
926 270 1062 324 βέλος.
1093 270 1139 313 ἐκ
1171 267 1214 311 δ’
1247 267 1334 321 ἄρα
1362 267 1504 323 χειρὸς

253 329 487 385 φάσγανον
514 324 591 384 ἧκε
620 332 788 384 χαμᾶζε,
818 326 1083 382 περιρρηδὴς
1114 324 1160 368 δὲ
1188 325 1376 380 τραπέζῃ

167 391 221 434 85
251 387 475 431 κάππεσεν
503 386 718 434 ἰδνωθεὶς,
749 383 835 426 ἀπὸ
866 382 909 426 δ’
942 385 1091 426 εἴδατα
1119 385 1243 436 χεῦεν
1273 381 1404 434 ἔραζε,

251 444 328 487 καὶ
359 445 490 494 δέπας
521 440 872 497 ἀμφικύπελλον·
904 438 928 482 ὁ
959 439 1004 481 δὲ
1033 437 1175 494 χθόνα
1204 437 1333 481 τύπτε
1363 436 1559 492 μετώπω,
1610 467 1614 470 -
1655 467 1658 471 ,

252 503 385 555 θυμῷ
415 497 620 551 ἀνιάζων,
649 497 752 540 ποσὶ
783 496 828 539 δὲ
857 494 1028 547 θρόνον
1058 494 1344 549 ἀμφοτέροισι
1518 483 1528 495 ’

252 557 466 609 λακτίζων
495 555 670 605 ἐτίναξε,
699 551 796 597 κατ’
829 551 1070 608 ὀφθαλμῶν
1100 549 1144 593 δ’
1177 548 1294 606 ἔχυτ’
1325 549 1469 606 ἀχλύς.

411 656 669 703 Amphinomum
692 654 877 689 irruentem
901 653 1133 688 Telemachus
1155 651 1255 686 hasta
1280 652 1421 696 trajicit.

331 725 608 782 Ἀμφίνομος
639 722 685 767 δ’
709 719 923 778 Ὀδυσῆος
951 721 1117 764 ἐείσατο
1148 720 1409 776 κυδαλίμοιο

169 787 225 830 90
257 781 406 833 ἀντίος
437 782 581 834 άΐξας·
613 782 759 835 εἴρυτο
792 780 838 822 δὲ
871 777 1102 835 φάσγανον
1131 775 1222 830 ὀξὺ,

256 842 301 884 εἴ
327 839 421 890 πώς
450 841 495 883 οἱ
523 839 642 891 εἴξειε
670 834 870 892 θυράων.
900 834 997 880 ἀλλ’
1031 833 1117 891 ἄρα
1146 849 1222 889 μιν
1258 833 1358 888 φθῆ

82 965 245 999 librorum
269 965 331 1000 hic
355 975 510 1011 quoque:
541 959 705 1009 ὁμαρτῇ,
729 966 768 997 ut
789 961 830 997 Il.
857 959 896 1004 ε’,

83 1014 162 1052 656,
189 1011 249 1045 ubi
274 1015 312 1047 v.
337 1024 414 1046 aun.
439 1014 480 1045 A.
504 1011 558 1046 4.:
581 1008 736 1055 άμάρτει
753 1036 761 1050 ,
787 1009 897 1042 ceteri

86 1058 278 1092 Vindobb.:
305 1056 462 1103 ὁμαρτῇ,
487 1058 564 1093 Ald.
583 1060 638 1093 3.:
664 1055 826 1099 ὁμάρτει,
850 1055 896 1086 W

84 1109 121 1137 et
144 1104 194 1137 B:
230 1101 298 1148 ἄμ.
321 1123 364 1129 —-
403 1104 482 1139 ἰὸν
510 1123 553 1129 -
586 1101 752 1146 μαζόν.
789 1100 897 1134 minus

84 1149 247 1184 concinne
276 1153 315 1184 A.
341 1153 381 1186 lt
408 1150 468 1185 ἰὸν
491 1146 711 1194 άποπροΐει·
744 1146 831 1192 βάλε
856 1145 896 1180 δὲ

85 1197 236 1240 στῆθος.
258 1196 388 1229 ibidem
412 1196 447 1229 in
466 1195 631 1238 margine,
655 1205 752 1228 manu
767 1192 895 1238 prima:

83 1254 139 1286 γρ.
164 1239 224 1276 ἰὸν
241 1239 463 1285 ἀποπροϊεὶς
483 1241 569 1286 βάλε
591 1252 642 1276 στ.
668 1241 708 1273 Α.
726 1240 760 1273 2.
785 1243 821 1272 et
845 1239 898 1272 3.=

85 1287 173 1333 βάλε
198 1286 251 1323 δέ.
279 1289 357 1322 Ald.
381 1289 437 1322 3.=
464 1306 508 1312 —
541 1286 779 1328 ἅποπροϊείς·
813 1282 900 1329 βάλε

86 1332 127 1369 δὲ
153 1345 205 1369 στ.
239 1334 335 1367 haud
360 1333 432 1367 scio
464 1345 507 1367 an
530 1332 745 1366 scribendum
771 1329 816 1362 sit
841 1329 900 1363 ἰόν

87 1378 310 1423 άποπροϊεὶς
333 1379 423 1425 βάλε
447 1379 493 1424 δὴ
512 1390 562 1414 στ.
586 1392 625 1413 π.
650 1391 687 1420 μ.
710 1381 806 1410 certe
822 1387 901 1409 sen-

86 1438 160 1460 sum
186 1425 308 1460 aoristi
335 1426 391 1459 hic
417 1427 521 1459 habet
543 1425 801 1470 imperfectum,
834 1432 901 1465 qua

86 1474 130 1505 de
155 1484 193 1505 re
218 1483 254 1506 v.
282 1470 329 1512 δ’,
350 1472 444 1511 452„
469 1471 749 1515 saepissimeque,
775 1471 814 1500 ut
837 1477 901 1511 par

87 1523 153 1559 est,
177 1525 367 1562 usurpatus
390 1517 424 1549 in
448 1517 511 1550 hoc
525 1527 652 1560 genere
675 1514 825 1549 aoristus
848 1512 902 1544 in·-

86 1564 225 1597 venitur
257 1564 353 1608 apud
378 1563 561 1596 Homerum
595 1568 629 1595 et
652 1560 801 1604 Epicos,
834 1568 901 1590 non

86 1610 167 1644 item
199 1610 452 1654 imperfectum.
488 1620 523 1642 v.
553 1608 719 1640 Seberum
752 1616 787 1649 p.
824 1606 902 1637 100.

89 1661 125 1690 et
150 1657 228 1691 101.
263 1674 310 1680 --
344 1657 417 1688 Am.
444 1653 489 1694 Q.
525 1659 560 1686 et
583 1652 704 1686 Harl.=
736 1648 901 1692 περιρ-

88 1700 254 1746 ῥηδής.
279 1700 502 1744 περικλινής.
526 1698 681 1732 similiter
705 1696 770 1740 Ap.
793 1695 826 1728 h.
845 1706 901 1728 v.:

89 1746 425 1793 περιῤῥησόμενος,
476 1742 822 1786 περικεκλασμὲνος,
867 1746 904 1773 et

25 1822 29 1828 .
90 1795 204 1828 Schol.
232 1792 405 1838 Apollonii
428 1791 555 1825 Rhodii
581 1793 613 1832 1,
639 1791 737 1823 431.:
761 1785 904 1831 ἤριπε

91 1837 132 1875 δ’
158 1839 490 1884 ἀμφοτέροισι
513 1833 815 1880 περιρρηδὴς
838 1845 905 1866 κε-

91 1884 268 1929 ράεσσι.
291 1884 480 1920 τουτέστιν
504 1882 562 1918 ε’πὶ
587 1881 788 1925 πρόσωπον
811 1874 903 1923 μεθ’

91 1931 210 1977 ὁρμῆς
225 1931 472 1976 κατενεχθεὶς,
498 1928 704 1974 ἐπιρὁγεὶς
719 1924 771 1967 εἰς
792 1922 905 1967 τοῦμ-

90 1981 279 2022 προσθεν,
313 1975 337 2022 ἢ
372 1977 597 2018 ἐπενεχθεὶς,
634 1972 683 2015 ὡς
716 1973 775 2008 καὶ
802 1969 906 2016 παρά

91 2027 143 2072 τῷ
175 2025 322 2070 Ποιητῇ
357 2020 663 2068 περιῤῥηδής
704 2017 755 2055 δὲ
789 2030 907 2061 τρα-

91 2072 207 2117 πέζῃ
231 2071 478 2105 κάππεσεν
516 2067 536 2104 ὃ
565 2066 797 2110 Εὐρύμαχος.
837 2064 904 2098 mi-

93 2130 157 2153 nus
181 2116 408 2163 probabiiiter
429 2117 491 2160 Ap.
526 2114 670 2148 ibidem:
697 2112 839 2157 βέλτιον
864 2107 905 2144 δὲ

92 2164 354 2210 μεταφορικῶς
392 2159 693 2205 περιρῤεόμενος·
737 2155 905 2204 βάλλεται

93 2211 164 2256 γάρ
187 2210 280 2254 [καὶ]
304 2209 346 2244 τὸ
370 2206 549 2250 ποτήριον
575 2206 731 2249 κρατῶν,
757 2202 806 2242 ὡς
829 2200 906 2243 ἅμα

93 2259 139 2303 τῇ
157 2254 264 2291 πόσει
282 2253 537 2299 περιρρεῖσθαι
557 2251 729 2288 πεσόντα.
752 2261 814 2283 nec
829 2249 905 2293 pla-

95 2309 154 2338 cet
169 2302 363 2336 Aristarchi
387 2299 627 2345 interpretatio
651 2296 742 2341 apud
763 2295 905 2330 eundem

95 2349 364 2383 Grammaticum
390 2348 495 2380 haec:
533 2344 768 2390 στροβηθεὶς,
803 2353 905 2383 περι-

97 2393 212 2441 φερὴς
245 2392 349 2428 ἔπεσε
381 2395 424 2437 τῇ
449 2391 624 2435 τραπέζῃ,
658 2387 706 2429 αἷς
737 2390 905 2431 περικλα-

97 2443 237 2486 σθῆναι
267 2439 350 2481 περὶ
375 2437 504 2479 αὑτήν.
548 2447 740 2482 quanquam
769 2440 906 2478 postre-

97 2500 151 2523 ma
173 2484 222 2526 ὥς
240 2483 360 2529 αὐτὴν
378 2484 521 2519 ferenda
543 2490 641 2523 sunt3
660 2484 720 2515 sed
738 2480 779 2514 τὸ
802 2491 906 2520 στρο-

97 2534 230 2580 βηθεὶς
263 2531 550 2566 accommodatum
585 2529 721 2562 videtur
753 2526 908 2569 scriptu-

97 2593 158 2615 rae
181 2577 345 2614 κάππεσε
370 2577 560 2620 δινηθεὶς,
592 2574 646 2607 cui
670 2572 830 2607 substitui
855 2571 904 2613 id,

97 2626 187 2671 quod
213 2623 375 2670 praebuit
399 2624 508 2656 codex
540 2620 632 2663 frugi
657 2621 696 2652 A.
725 2624 755 2655 1.
788 2624 824 2650 et
848 2629 906 2650 ce-

98 2678 251 2707 terorum
276 2681 357 2715 pars
381 2669 568 2708 librorum,
591 2663 773 2700 κάππεσεν
799 2664 905 2697 ἰδνω-

97 2718 198 2760 θεὶς,
226 2728 289 2761 pro
315 2727 382 2761 quo
408 2719 569 2758 corrupte
595 2714 634 2746 A.
662 2713 714 2745 4.:
748 2707 908 2744 κάππεσε

99 2765 289 2802 δινωθείς.
334 2772 448 2804 neque
472 2760 558 2793 enim
584 2762 697 2801 aptum
722 2764 775 2789 est
799 2757 906 2797 δινη-

97 2811 179 2850 θεὶς
213 2808 456 2852 Emymacho,
493 2805 529 2838 in
566 2803 664 2848 plano
701 2801 907 2835 concidenti.

98 2862 181 2901 apte
198 2855 385 2898 Euripides
407 2853 449 2885 de
467 2852 641 2895 Capaneo,
666 2859 808 2881 excusso
832 2859 907 2881 sca·

98 2903 152 2942 lis,
177 2901 300 2946 quibus
324 2897 531 2932 ascendebat
550 2896 672 2942 {muros
696 2895 906 2936 Thebarum,

100 2948 234 2984 Phoen-
281 2947 404 2981 1110.:
445 2941 521 2990 ἤδη
562 2940 602 2978 δ’
635 2937 908 2987 ὑπερβαίνοντα

941 962 1044 1007 γείσα
1080 958 1227 1005 τειχέων
1270 957 1402 993 Βάλλει
1445 955 1614 1003 κεραυνῷ
1658 950 1749 995 Ζεύς

942 1023 1019 1051 νιν,
1053 1028 1098 1033 -
1131 1007 1169 1042 ἐκ
1203 1003 1243 1041 δὲ
1275 1005 1462 1048 κλιμάκων
1484 1002 1750 1046 Ἐσφενδο-

942 1056 1060 1091 νᾶτο
1087 1055 1194 1098 χωρὶς
1219 1051 1382 1096 ἀλλήλων
1412 1051 1523 1095 μέλη,
1547 1064 1593 1074 ——s
1622 1050 1752 1090 Χεῖρες

943 1101 983 1137 δὲ
1008 1101 1069 1135 καὶ
1093 1099 1182 1134 κῶλ’
1217 1096 1274 1138 ὥς
1307 1094 1511 1140 κύκλωμ’
1545 1094 1751 1137 Ἰξίονος

944 1145 1201 1187 Εἱλίσσετ’,
1235 1146 1288 1185 εἰς
1324 1146 1392 1189 γῆν
1427 1143 1463 1178 δ’
1499 1142 1659 1186 ἔμπυρος
1691 1142 1750 1176 πί-

943 1207 1023 1229 πτει
1047 1192 1189 1233 νεκρός.
1221 1197 1259 1225 at
1294 1190 1504 1234 Eurymachi
1531 1198 1655 1232 corpus
1683 1197 1751 1219 non

945 1245 1080 1274 rotatur
1113 1235 1210 1272 brevi
1245 1237 1392 1281 spatio„
1413 1237 1474 1268 sed
1507 1238 1753 1278 ‘contorquetur

945 1287 1216 1328 incurvaturque
1239 1282 1356 1315 dolore
1371 1281 1518 1314 vulneris
1543 1279 1689 1323 accepti,
1715 1280 1753 1310 ut

946 1331 1135 1366 Thersitae
1166 1329 1204 1363 11.
1232 1327 1277 1372 β’,
1301 1329 1402 1369 Ξ66.,
1433 1327 1492 1360 ubi
1517 1325 1617 1359 Scir:
1655 1321 1674 1357 ὁ
1706 1321 1756 1358 δ’

946 1375 1150 1420 ἰδνώθη.
1192 1373 1305 1414 οὗτος
1338 1372 1377 1408 δὲ
1409 1371 1484 1408 οἷπὸ
1517 1373 1582 1416 τῆς
1615 1368 1755 1414 ὀδύνης

947 1421 1206 1466 συνεκᾶμφθη.
1249 1421 1328 1454 huic
1359 1419 1464 1453 verbo
1498 1417 1658 1462 congruit
1688 1428 1755 1451 πε·

946 1465 1124 1514 ριρρηδὴς
1157 1480 1177 1501 a
1209 1466 1478 1511 περιῤῥαίνειν,
1521 1465 1755 1508 circumfluere

947 1527 1047 1550 sensu
1073 1513 1326 1557 metaphorice,
1356 1518 1396 1545 ut
1419 1510 1579 1545 defluens
1595 1516 1632 1542 et
1652 1509 1755 1543 infle-

947 1573 1012 1596 xus
1042 1561 1077 1594 in
1110 1570 1255 1593 mensam
1288 1569 1373 1603 prae
1396 1557 1513 1590 dolore
1537 1555 1755 1612 significetur
1820 1566 1821 1587 z

948 1618 1083 1653 procus.
1117 1606 1196 1648 (Ez
1221 1603 1522 1648 περιρρηδής
1546 1618 1565 1638 ο
1591 1601 1757 1647 ε’ῤῥαντι-
1820 1633 1821 1638 ,

949 1652 1080 1700 σμένος
1106 1652 1253 1694 αἵματι,
1280 1650 1344 1694 [2]
1374 1648 1422 1689 ιὸς
1445 1648 1523 1684 ’ἀπὸ
1550 1649 1617 1684 τοῦ
1641 1647 1754 1691 enirm,
1820 1643 1821 1664 ἶ

949 1700 994 1734 οὑ
1021 1695 1190 1740 δεύτερος
1216 1695 1387 1739 ἀόριστος
1409 1695 1589 1740 ἒῤῥαδον,
1614 1692 1706 1730 ὅθεν
1733 1692 1754 1730 ὁ

949 1743 1184 1790 περιρῤηδής.
1224 1741 1377 1787 εὕρηται
1407 1741 1534 1777 δὲκαὶ
1567 1740 1756 1786 οἷμφιῤῥη-

951 1791 1019 1835 δὴς
1052 1790 1091 1826 ἐν
1115 1789 1297 1835 ῥητορικῷ
1320 1788 1481 1829 Λεξικῷ,
1515 1787 1604 1823 καθ’
1629 1785 1758 1831 ὁμοιό·

950 1851 1043 1882 τητα
1067 1836 1203 1873 τούτου
1238 1835 1396 1880 λεχθέν.)
1434 1836 1522 1869 bene
1548 1834 1758 1869 Villoisonus

952 1886 995 1918 ad
1021 1886 1084 1929 Ap.
1110 1883 1132 1916 l.
1159 1895 1209 1916 c.:
1246 1901 1324 1924 ,‚—
1349 1881 1495 1914 vulnere
1525 1886 1669 1924 accepto
1705 1880 1758 1914 {e-

951 1931 1013 1965 tali
1037 1925 1259 1973 περιρῤηδής
1282 1925 1440 1971 τραπέζῃ
1464 1924 1661 1967 κάππεσεν,
1684 1926 1708 1959 i.
1725 1938 1758 1961 es

950 1987 1079 2022 pronus
1103 1977 1139 2008 in
1162 1986 1315 2007 mensam
1338 1975 1482 2014 cecidit,
1507 1985 1572 2018 qua
1596 1983 1658 2018 pro
1684 1972 1759 2017 cly-

954 2035 1020 2068 peo
1057 2022 1238 2062 utebatur3
1276 2019 1366 2054 unde
1408 2019 1484 2052 fieri
1517 2020 1689 2060 debebat,
1720 2021 1760 2052 ut

952 2067 1019 2102 cibi
1040 2074 1075 2100 et
1094 2068 1248 2111 poculum
1274 2065 1532 2099 effunderentur
1555 2064 1656 2098 humi.
1681 2064 1760 2098 uni-

952 2127 992 2148 ce
1024 2113 1111 2147 hanc
1142 2111 1458 2156 interpretationem
1483 2108 1695 2144 commendat
1727 2111 1761 2143 i-

951 2159 1084 2193 mitatio
1110 2158 1280 2202 Apollonii
1306 2156 1431 2190 Rhodii
1458 2159 1498 2197 1,
1524 2155 1625 2197 431„
1659 2167 1760 2201 quam

953 2217 995 2238 ex
1019 2205 1058 2237 L.
1080 2205 1173 2238 Bosii
1191 2204 1340 2237 Observ.
1363 2203 1439 2236 crit.
1465 2201 1597 2236 notavit
1620 2202 1664 2236 ad
1685 2201 1760 2236 He-

951 2251 1100 2296 sychium
1125 2251 1177 2284 el.
1203 2249 1335 2283 Alberti
1346 2250 1369 2268 ‘⁸
1393 2254 1461 2282 etc.

999 2319 1147 2353 86—88.
1180 2314 1233 2358 „6
1265 2315 1315 2352 δὲ
1347 2334 1393 2342 —-
1423 2314 1634 2360 μετώπῳ.
1657 2315 1758 2361 Virg.

951 2364 1035 2398 Aen.
1062 2367 1123 2403 10,
1149 2364 1249 2399 348.=
1282 2368 1319 2396 at
1343 2364 1402 2396 ille
1426 2364 1552 2397 Fronte
1569 2363 1657 2406 ferit
1689 2368 1761 2396 ter-

951 2412 1073 2443 ram.“
1108 2410 1160 2443 Cl.
1199 2410 1245 2443 cf.
1269 2410 1326 2449 94,
1353 2410 1432 2443 296.
1457 2427 1501 2434 —-
1526 2404 1759 2451 άνιάζων,

952 2457 1079 2491 dolens.
1107 2454 1150 2497 δ’,
1174 2455 1252 2493 460,
1277 2455 1315 2490 Il.
1339 2453 1391 2497 φ’,
1415 2455 1483 2489 970
1506 2460 1573 2490 etc.
1595 2473 1642 2480 —-
1672 2458 1760 2489 λα-

951 2504 1138 2545 κτίζων,
1168 2503 1362 2535 calcitrans.
1388 2500 1431 2542 σ’,
1453 2502 1509 2534 98.
1537 2519 1582 2526 -
1605 2501 1759 2537 ἐτίνα-

952 2549 1023 2591 ξε,
1057 2548 1245 2587 concussit,
1284 2547 1429 2592 impulit.
1460 2546 1501 2588 ζ’,
1535 2546 1581 2583 43
1613 2554 1680 2582 etc.
1711 2544 1758 2572 —'-

951 2592 1062 2629 κατ’
1092 2614 1137 2619 -
1162 2591 1325 2637 ἀχλύς.
1360 2593 1399 2626 ΙΙ.
1426 2590 1475 2634 π’,
1509 2593 1609 2627 344.2
1650 2592 1757 2637 ἤριπε

952 2639 993 2676 δ’
1028 2639 1065 2683 ἐξ
1099 2637 1233 2682 ὀχέων,
1267 2635 1363 2673 κατά
1395 2637 1436 2672 δ’
1468 2636 1676 2681 ὀφθαλμοῖν
1698 2638 1758 2673 κε’-

951 2685 1036 2731 χυτ’
1075 2683 1196 2730 α’χλύς.
1230 2685 1276 2718 cf.
1314 2685 1351 2717 ll.
1390 2684 1428 2724 ε’,
1463 2687 1530 2719 696
1554 2690 1620 2720 etc.
1656 2684 1755 2729 Virg-

954 2736 1009 2773 12,
1036 2733 1129 2772 31Ο.,
1153 2737 1293 2764 notante
1313 2731 1389 2764 Cl..·
1413 2731 1450 2764 in
1468 2737 1645 2765 aeternam
1660 2731 1757 2765 clau-

952 2781 1080 2814 duntur
1104 2779 1235 2810 lumina
1258 2783 1401 2811 noctem.

1000 2847 1147 2880 89—99.
1176 2845 1279 2879 Scir:
1303 2843 1320 2879 ἐ
1333 2856 1348 2878 ε
1363 2846 1404 2879 ἰσ
1417 2856 1512 2880 ατο.
1536 2843 1592 2888 (11.
1605 2841 1759 2889 o'‚415.)

956 2889 1005 2931 ὥς
1028 2890 1088 2926 ἐπὶ
1111 2888 1289 2927 Ὀδυσσέα
1313 2888 1488 2935 ὥρμησεν.
1511 2909 1557 2914 -
1581 2891 1710 2932 εἷ’ρυτ
1725 2903 1760 2933 ο,

954 2939 1104 2974 strinxit.
1138 2937 1183 2981 τ’,
1221 2937 1310 2980 481,
1344 2935 1477 2983 11.,α’,
1511 2937 1579 2972 190
1615 2941 1682 2971 etc.
1716 2956 1762 2962 —
