1821 3288
117 112 203 157 358
443 128 446 130 ·
528 111 594 150 33
647 108 818 148 ΕΙΣ
869 105 1368 147 ΣΕΛΗΝΗΝ.

288 217 455 287 ᾄσομαι
481 216 690 286 ἡμιθέων,
720 211 783 260 ων
811 213 1005 259 κλείουσ’
1036 214 1215 270 ἔργματ’
1249 214 1408 267 ἀοιδοὶ,
1458 250 1466 255 ,

207 281 260 319 00
291 264 520 319 Μουσάων
547 275 829 329 θεράποντες,
859 269 946 314 ἀπὸ
977 273 1204 325 στομάτων
1232 271 1454 328 ἐροέντων.

904 598 995 636 ΛΔ.

428 722 608 767 ΕΙΣ
672 717 1487 793 ΔΙΟΣΚΟΤΡΟΥΣ,

293 940 460 1008 Αμφὶ
489 952 600 1004 Διός
627 953 824 1008 κούρους
853 953 1103 1004 ἑλικώπιδες
1133 953 1277 996 ἔσπετε
1306 954 1503 1007 Μοῦσαι,

305 1011 594 1081 Τυνδαρίδας,
621 1010 772 1066 Λήδης
802 1010 1116 1081 καλλισφύρου
1139 1009 1279 1064 α’γλαα
1309 1009 1451 1061 τέκνα,

302 1065 509 1121 Κάστορά
540 1065 590 1109 θ’
624 1068 885 1122 ἱππόδαμον,
920 1068 995 1112 καὶ
1023 1066 1255 1137 ἀμώμητον
1286 1064 1588 1115 Πολυδεύκεα,

303 1122 404 1172 τοὺς
433 1122 519 1166 ὑπὸ
530 1123 776 1193 Τηύγέτου
803 1128 997 1180 κορυφῇ,
1026 1123 1152 1178 ὄρεος
1179 1122 1401 1178 μεγάλοιο,

247 1179 273 1221 5
303 1178 492 1234 μιχθεῖσ’
525 1178 573 1222 ἐν
602 1180 802 1235 φιλότητι
830 1179 1078 1236 κελαινεφέϊ
1104 1181 1344 1233 Κρονίωνι,

304 1239 503 1305 σ’ωτῆρας
537 1236 631 1279 τέκε
657 1239 817 1288 παῖδας
845 1238 1110 1292 ἐπιχθονίων
1136 1235 1403 1305 άνθρωπων,

305 1290 548 1346 ωκυπόρων
577 1308 622 1336 τε
649 1309 778 1345 νεων,
808 1293 879 1338 ὅτε
908 1310 953 1337 τε
982 1294 1225 1348 σπέρχωσιν
1253 1291 1400 1335 ἄελλαι

303 1350 513 1418 χειμέριαι
542 1349 650 1392 κατά
679 1349 844 1395 πόντον
875 1349 1110 1417 ἀμείλιχον.
1141 1350 1184 1393 οἱ
1214 1347 1258 1392 δ’
1288 1346 1376 1392 α’πό
1407 1364 1527 1405 νηων

303 1404 532 1460 εὐχόμενοι
559 1406 764 1450 καλέουσι
794 1407 903 1459 Διὸς
935 1406 1129 1462 κούρους
1156 1404 1363 1476 μεγάλοιο

224 1466 275 1505 10
306 1461 511 1531 α’ρνεσσιν
538 1466 775 1515 λευκοῖσιν,
804 1463 873 1507 ἐπ’
902 1463 1152 1519 ἀκρωτήρια
1184 1462 1341 1518 βάντες

307 1517 525 1588 πρύμνης·
555 1519 633 1574 τὴν
664 1519 705 1563 6'
734 1519 892 1576 α’νεμός
919 1536 964 1564 τε
997 1522 1142 1575 μέγας,
1171 1519 1244 1562 καὶ
1273 1523 1392 1573 κῦμα
1420 1515 1659 1572 θαλάσσης,

308 1578 454 1630 θῆκαν
479 1573 765 1645 ὑποβρυχίην.
797 1579 842 1620 οἱ
871 1577 914 1620 δ’
944 1577 1145 1646 ἐξαπίνης
1173 1573 1401 1631 ἐφάνησαν

310 1632 498 1700 ξουθῇσι
524 1632 782 1701 πτερύγεσσι
811 1632 877 1676 δι’
908 1632 1084 1687 αἰθέρος
1114 1631 1323 1683 ἀίξαντες,

309 1686 465 1730 αὐτίκα
493 1688 538 1732 δ’
567 1687 792 1744 ἀργαλέων
821 1689 994 1745 ἀνέμων
1022 1689 1300 1733 κατέπαυσαν
1330 1686 1499 1740 ἀέλλας,

231 1746 282 1789 15
311 1743 485 1799 κύματα
513 1743 555 1789 6'
578 1745 818 1816 ἐστόρεσαν
847 1750 1004 1801 λευκῆς
1033 1745 1136 1795 ἆλὸς
1163 1744 1211 1787 ἐν
1238 1743 1469 1798 πελάγεσσι

309 1800 506 1853 ναύταις,
534 1801 704 1858 σήματα
732 1803 843 1846 καλα
870 1803 1012 1847 πλόου
1043 1803 1293 1872 σφίσιν·οῐ
1321 1801 1368 1845 δὲ
1396 1799 1563 1850 ἰδόντες

308 1857 521 1914 γήθησαν,
550 1859 777 1904 παύσαντο
808 1859 852 1905 δ’
884 1860 1081 1915 ὀιζυροῖο
1109 1857 1283 1902 πόνοιο

394 1971 588 2024 Χαίρετε,
625 1973 908 2042 Τυνδαρίδαι,
934 1972 1100 2045 ταχέων
1127 1969 1395 2042 ἐπιβήτορες
1406 1970 1575 2014 ι’ππων·

316 2024 456 2082 αὐτὰρ
486 2028 598 2084 ἐγών
624 2027 770 2086 ὑμέων
802 2046 848 2074 τε
875 2030 949 2074 καὶ
981 2029 1110 2085 ἄλλης
1139 2026 1338 2084 μνήσομ’
1367 2025 1533 2083 ἀοιδῆς.

190 2191 315 2236 Hymu.
325 2196 404 2229 ΛΔ.
420 2195 520 2230 Vers.
534 2197 587 2231 10.
605 2208 834 2241 αρνεσσιν
850 2193 1269 2233 λευ·16.πλόον
1299 2195 1633 2238 lvtatth.,J;21cobs.⁹
1665 2166 1800 2229 Frank..

145 2250 196 2276 κο
208 2241 317 2281 ῖσιν,
340 2242 444 2285 agnis
456 2242 554 2284 albis,
571 2254 655 2287 quos
669 2243 840 2277 immolant
855 2255 944 2278 nau·
989 2242 1068 2277 libri
1104 2242 1190 2275 male
1222 2240 1365 2287 πόνου,
1397 2243 1490 2288 quod
1521 2242 1708 2276 sublectum
1739 2245 1795 2276 es&

147 2290 204 2319 tae
228 2285 261 2319 in
286 2297 403 2332 puppe
423 2293 553 2324 stantes
578 2301 640 2334 per
665 2293 912 2336 tempestatem.
993 2290 1028 2322 iu
1053 2288 1226 2333 proximis,
