1821 3288
511 91 1202 154 οΔτΣΣΕιΑΣΊι

202 222 328 280 μήτις
356 225 444 294 μοι’
459 220 571 266 κατὰ
601 223 742 278 δῆμον
772 220 1028 277 Ἀχαιϊάδων
1058 224 1289 280 νεμεσήσῃ,

202 282 252 323 αἴ
276 296 352 323 κεν
382 279 484 334 ἄτερ
514 280 698 333 σπείρου
726 283 877 331 κεῖται,
910 276 1049 322 πολλοὶ
1081 281 1412 348 κτεατίσσας.“““

201 335 264 387 ὡς
292 336 487 407 ἐφάμην·
517 339 659 379 τοῖσιν
687 335 730 379 δ’
760 336 1010 379 ἐπεπείθετο
1039 335 1184 390 θυμός
1215 334 1405 392 ἀγήνωρ.

201 392 311 436 ἔνθα
338 393 412 436 καὶ
421 390 598 464 ἠματίη
627 391 708 447 μὲν
738 389 1011 447 ὑφαίνεσκον
1037 391 1177 448 μέγαν
1205 393 1340 444 ἰστὸν,

90 448 171 495 150
199 450 359 500 νύκτας
388 447 434 492 δ’
466 448 721 499 ἀλλύεσκον,
752 449 859 502 ἐπην
888 451 1041 498 δαίδας
1068 449 1360 504 παραθείμην.

204 504 264 556 ὡς
290 506 458 577 τρίετες
485 521 565 561 μεν
594 506 756 563 ἔληθον
785 505 882 562 ἐγω,
908 506 982 549 καὶ
1011 506 1192 549 ἔπειθον
1219 502 1442 566 Ἀχαιούς·

152 568 175 591 ·“
202 559 305 605 &270²-
331 561 402 606 ὅτε
430 561 638 631 τέτρατον
665 564 803 618 ἦλθεν
831 563 939 634 ἔτος,
973 561 1048 606 καὶ
1077 560 1305 633 ἐπήλυθον
1333 566 1461 616 ὡραι,
1511 597 1515 599 -

199 622 355 675 μηνῶν
384 618 663 690 φθινόντων,
687 620 783 674 περὶ
814 618 863 662 6³
889 618 1034 689 ἤματα
1055 617 1186 662 πόλλ’
1216 618 1434 688 ἐτελέσθη,

199 676 276 719 καὶ
304 676 402 720 τότε
432 674 485 731 δή
514 692 566 731 με
596 674 669 719 διὰ
699 676 861 747 δμωὰς,
893 674 1032 726 κύνας
1062 673 1147 719 οὐκ
1175 673 1431 732 ἀλεγούσας,

90 733 173 779 155
204 729 324 776 εἶλον
353 732 624 784 ἐπελθόντες,
654 732 730 776 καὶ
757 732 1008 803 ὁμόκλησαν
1036 730 1243 776 ἐπέεσσιν.

198 786 259 839 ’ὡς
284 787 335 832 τὸ
348 789 450 859 μὲν
473 789 731 842 ἐξετέλεσσα,
759 788 833 831 καὶ
863 787 944 831 οὐκ
973 786 1190 840 ἐθέλουσζ
1219 785 1300 831 υπ’
1332 785 1549 858 ἆναγκης

194 849 282 889 νῦν
312 843 358 889 δ’
391 844 492 889 οὔτ’
522 845 753 916 ἐκφυγέειν
784 844 978 915 δύναμαι
1005 843 1172 898 γάμον,
1204 844 1305 888 οὔτε
1331 842 1411 889 τιν’
1443 845 1579 902 α’λλην

193 906 326 957 μῆτιν
355 901 429 946 ἐ”θ
454 899 654 955 εὑρίσκω
684 901 800 956 μάλα
830 899 875 943 δ’
907 899 1146 953 ὀτρυνουσι
1174 905 1328 968 τοκῆες

193 957 413 1024 γήμασθ’·

448 957 668 1027 ασχαλοὲα
674 958 720 1001 δὲ
748 957 851 1008 πάϊς
879 958 1034 1029 βίοτον
1062 955 1352 1010 κατεδόντων,

82 1019 165 1060 160
191 1013 473 1070 γιγνώσκων·
503 1013 588 1070 ἤδη
615 1031 701 1070 γαρ
732 1013 855 1068 ἀνὴρ,
887 1009 981 1064 οἷός
1009 1029 1054 1056 τε
1083 1012 1272 1068 μαλιστα

193 1072 323 1113 οἴκου
352 1071 577 1144 κη’δεσθαι,
608 1075 669 1127 τῷ
696 1087 741 1114 τε
771 1070 882 1121 Ζεύς
909 1072 1046 1121 κῦδος
1068 1069 1228 1138 ὀπαζῃ.

192 1125 303 1170 ἄλλα
331 1129 406 1170 καὶ
438 1125 497 1178 0‘2'9
529 1143 607 1182 μοι
637 1127 727 1171 εἰπὲ
756 1127 857 1172 τεὸν
885 1126 1025 1181 γένος,
1056 1124 1258 1170 ὁππόθεν
1285 1125 1398 1170 ἐσσί·

191 1181 247 1228 οὐ
275 1183 361 1239 γάρ
392 1182 479 1228 ἀπό
511 1183 647 1240 δρυός
677 1185 769 1229 ἐσσι
798 1184 1099 1241 παλαιφάτου,
1129 1182 1232 1229 ov'6’
1264 1181 1350 1228 α’πὸ
1382 1181 1580 1240 πέτρης.“

19 1306 216 1353 (agitur)’'
198 1320 291 1351 ετος,
315 1306 411 1366 τάχα
435 1306 477 1345 δ’
503 1307 574 1346 εισι
598 1311 752 1357 (veniet)
774 1311 833 1348 τὲ-

18 1366 156 1399 ’ταρτος
178 1359 245 1390 etc.
283 1357 329 1390 cf.
356 1354 408 1398 ω’,
432 1358 512 1393 288.
552 1358 692 1392 eandem
716 1370 832 1393 macu-

19 1400 85 1436 lam
109 1401 226 1436 eluere
250 1403 365 1436 conati
388 1413 502 1437 sumus
527 1402 571 1446 ξ’,
593 1405 674 1440 290.
694 1424 741 1430 —-
757 1418 832 1449 μη·

17 1448 113 1483 νῶν
145 1466 190 1474 --
227 1445 476 1506 ἐτελέσθη.
510 1461 544 1484 ν.
585 1462 666 1485 ann.
708 1450 753 1485 ad
785 1450 832 1494 κ’,

2 1492 98 1533 ,470.
120 1513 167 1519 -
198 1493 289 1529 ουκ
322 1493 615 1540 αλεγονσας,
651 1498 738 1531 nihil
769 1510 830 1532 cu-

16 1544 147 1581 rantes,
168 1538 395 1598 impudentes,
419 1542 465 1576 cf.
491 1544 534 1578 91
561 1552 628 1576 etc.
652 1562 697 1568 --
721 1544 829 1578 Sch..

17 1582 293 1676 ἕμόῖλξησαν
325 1586 406 1632 (ξ’,
437 1588 521 1633 37).
564 1586 662 1634 ὁμοῦ
696 1589 831 1632 πάντες

37 1645 109 1669 πεπ
132 1646 154 1679 η
179 1645 224 1669 αν

63 1703 150 1746 158,
175 1704 252 1739 59.
270 1703 426 1747 μῆτιν.
451 1701 496 1747 γ’,
533 1705 576 1741 18
600 1709 669 1739 etc.
692 1725 739 1731 —
774 1702 830 1741 οἰ-

18 1728 220 1794 ozai-oizp-
245 1749 327 1790 534,
353 1749 399 1793 α’,
423 1748 505 1785 304.
529 1751 831 1789 -κατεδόν-

19 1807 125 1830 των.
146 1794 254 1840 genit.
275 1807 412 1830 causae.

65 1867 146 1908 160,
169 1867 226 1901 61.
253 1865 363 1909 οἷος
385 1865 660 1912 κήδεσθαι,
684 1873 724 1904 ut
748 1867 828 1910 οἶος

16 1913 158 1949 τελέσαι
184 1911 291 1957 ἔργον
312 1926 371 1955 τε,
405 1913 493 1954 ἔπος
515 1927 554 1950 τε
577 1914 623 1960 β’,
656 1917 734 1951 272.
779 1916 825 1949 cf.

18 1960 146 1995 Matth.
172 1961 212 2002 ἓ.
227 1960 308 1995 532.
333 1961 546 2005 respondent
567 1962 632 1995 sibi
657 1961 695 1996 τὲ
717 1967 752 1996 et
773 1974 826 2003 τε,

17 2017 82 2040 nec
116 2006 332 2040 scribendum
373 2011 445 2046 est,
485 2018 570 2052 pace
609 2008 825 2063 egregiorum

16 2051 167 2086 virorum
201 2051 363 2094 dixerim,
397 2053 488 2099 τῷτε
515 2052 608 2094 Ζεύς
639 2055 754 2108 κῦδος
785 2051 825 2089 o'-

14 2097 138 2144 πάζει,
168 2097 335 2143 siquidem
361 2089 433 2132 hoc
450 2098 535 2133 dicit
558 2100 689 2144 regina,
715 2101 825 2135 virum

15 2142 116 2181 {alem
137 2144 208 2188 jam
233 2155 310 2178 esse
334 2144 596 2187 Telemachum,
633 2147 743 2192 qualiS
769 2147 824 2181 vei

15 2189 159 2225 maxime
182 2201 297 2224 curam
323 2191 372 2224 rei
397 2191 573 2225 familiaris
596 2204 720 2236 gerere
746 2205 826 2237 pos-

16 2236 82 2278 sit,
114 2240 150 2270 et
170 2247 268 2281 quem
300 2234 439 2280 Jupiter
471 2243 596 2272 mactet
628 2239 825 2273 honoribus.

15 2282 54 2316 id
77 2288 195 2316 orator
217 2282 267 2315 ita
293 2282 456 2317 dixissetz
486 2284 556 2328 jam
593 2285 678 2318 enim
705 2285 734 2318 is
759 2291 825 2327 est,

17 2327 74 2373 qui
96 2329 184 2362 bene
207 2329 377 2372 gubernet
400 2329 544 2363 domum.
600 2342 711 2375 neque
736 2332 824 2365 enim

15 2373 139 2408 revera
158 2374 295 2418 juvenis
314 2375 383 2418 jam
409 2378 578 2419 gubernat
601 2377 735 2410 dom‘um
762 2389 824 2421 pa-

15 2423 167 2463 ternam,
189 2431 252 2454 nec
277 2421 403 2456 honor'e
427 2422 543 2456 debito
565 2423 714 2465 fruitur,
742 2435 825 2468 pro-

0 2465 67 2519 mis
89 2465 364 2512 impedientibus.
404 2465 525 2515 όπαζῃ
550 2470 592 2504 A.
615 2471 670 2511 2.,
702 2470 824 2505 Harl.:

14 2555 155 2602 ὄπαζη,
187 2559 423 2614 ⁵superscripto
448 2573 495 2595 οι.
519 2560 560 2595 Α.
584 2561 640 2596 3.:
681 2529 825 2604 ὀπάζεῃι.

15 2606 57 2638 Α.
84 2606 140 2641 4.:
176 2602 323 2646 ὀπάζοι.
365 2608 483 2641 Α.1.·
517 2605 643 2650 ὀτάζοι
676 2619 739 2652 pro
764 2620 825 2642 eo-

16 2649 105 2684 dem.
139 2651 261 2695 vulgo:
285 2649 433 2694 ὀπάζει,
467 2652 567 2687 solito
593 2665 722 2688 errore.
771 2655 824 2688 Ε·

15 2694 75 2731 τὸ
94 2694 185 2743 ἤδη
226 2696 314 2752 γάρ
354 2696 496 2744 ἀνὴρ,
536 2698 643 2740 οἷος
683 2700 824 2735 οἴκου

17 2737 186 2787 ὀλβίου
210 2741 263 2787 κή
277 2744 299 2776 6
311 2746 428 2778 εσθα
440 2758 476 2786 ι,
500 2743 825 2790 ἕπαινετικαίτερον

15 2790 84 2824 τοῦ
108 2790 207 2834 (86.)
241 2788 328 2833 ἤδη
363 2794 474 2832 παῖς
505 2796 643 2833 τοῖος
665 2791 822 2828 Ἀπόλ-

15 2835 158 2876 λωνὸς
181 2847 229 2893 γε
254 2835 410 2879 ε’κητι,
434 2851 468 2872 κ
495 2837 589 2882 ἑξῆς.
613 2839 724 2874 idem:
748 2841 823 2874 κῦ-

16 2879 164 2927 δος,ἢ
190 2880 348 2926 ὄλβον.
374 2883 439 2917 hoc
462 2884 596 2929 quidem
620 2886 724 2919 habet
744 2886 826 2919 MS.

15 2896 166 2963 Thomae
190 2928 350 2973 Bentleji.
382 2930 482 2965 Harl.
517 2942 656 2978 quoque
679 2932 821 2968 Schol.·

16 2970 167 3021 ὄλβον
187 2988 242 3021 γρ.
263 2976 432 3018 κῦδος

925 1310 1006 1353 162,
1030 1311 1064 1346 3.
1087 1310 1166 1347 καὶ
1192 1323 1268 1352 ως,
1302 1309 1408 1345 etiam
1431 1309 1498 1364 εἰσ,
1529 1311 1688 1355 quamvis

878 1359 947 1390 tam
971 1369 1136 1403 oppressa
1159 1357 1222 1391 sim
1247 1357 1396 1402 propriis
1419 1356 1514 1390 curis
1535 1356 1688 1391 molesti-

878 1401 1000 1447 isque,
1034 1409 1072 1437 ut
1104 1415 1171 1437 non
1204 1404 1338 1437 videar
1357 1403 1471 1436 teneri
1504 1402 1689 1446 desiderio,

877 1453 955 1482 tuas
979 1460 1117 1495 quoque
1138 1449 1291 1484 miserias
1315 1448 1488 1483 audiendi.
1537 1448 1582 1484 cf.
1608 1450 1688 1491 171,

876 1495 946 1529 224
977 1499 1043 1528 etc.
1081 1514 1125 1520 -
1160 1498 1233 1530 Am.
1266 1495 1332 1530 Β.
1372 1493 1428 1530 οὐ
1472 1492 1582 1539 γαρ
1588 1494 1688 1532 ἀπᾶ

877 1540 1035 1584 δρυός.
1083 1540 1122 1584 ἐξ
1166 1555 1218 1576 ων
1259 1539 1454 1597 ἐφάτιζογ,
1497 1540 1690 1598 τουτέστιν

877 1585 1064 1631 ἐνόμιζον,
1099 1587 1136 1623 οἱ
1167 1588 1322 1623 παλαιοὶ
1345 1587 1444 1632 σφάς
1467 1583 1619 1632 αὐτοῦς·
1623 1596 1691 1633 ys·-

876 1634 1037 1690 γονέναι.
1064 1635 1138 1668 Am.
1166 1635 1234 1675 Q.·
1260 1631 1603 1677 παλαιφάτου.
1616 1648 1689 1670 πα-

875 1677 962 1715 λαιοὶ
984 1679 1241 1737 φατιζομένης.
1274 1681 1309 1715 οἱ
1330 1680 1400 1725 γάρ
1423 1681 1591 1716 παλαιοὶ·
1600 1693 1690 1716 vnce*

874 1726 1066 1773 λαμβανον
1097 1740 1186 1768 τους
1217 1724 1288 1770 πρὸ
1325 1739 1452 1762 αυτων
1485 1725 1524 1762 ἐκ
1561 1729 1691 1770 Qum·

873 1787 907 1808 κ.
933 1775 1077 1828 πετρῶν
1098 1775 1338 1818 γεγενῆσθαι,
1372 1772 1437 1808 δια
1471 1772 1516 1808 τό
1542 1773 1608 1815 τὰς
1630 1780 1688 1810 τι-

874 1817 1036 1861 κτούσας
1067 1822 1120 1860 εἰς
1143 1833 1189 1854 τα
1214 1820 1357 1864 στελέχη
1382 1833 1416 1854 κ.
1441 1818 1602 1876 σπήλαια
1617 1814 1689 1857 ἐκ·-

872 1867 1022 1901 τιθέναι
1045 1865 1091 1900 τοὶ
1117 1867 1261 1905 παιδία.
1287 1866 1363 1901 ἐστι
1387 1864 1427 1901 δὲ
1452 1864 1472 1902 6
1496 1866 1616 1912 λόγος,
1638 1881 1685 1904 ον

871 1925 943 1958 γαρ
969 1912 1118 1949 ἐκείνων
1142 1911 1178 1947 εἷ
1199 1910 1257 1948 σύ.
1283 1910 1384 1956 (αλλ’
1411 1910 1562 1956 ἀνδρῶν
1581 1913 1688 1960 γένος

872 1959 968 2000 εσσὶ,
1003 1958 1096 2004 quod
1131 1958 1183 1991 h'is
1216 1959 1362 2003 subjecit
1397 1958 1561 1993 Clemens
1583 1960 1691 2002 Alex'

872 2005 1014 2041 Admon.
1037 2005 1081 2038 ad
1106 2004 1253 2045 Gentes,
1275 2011 1313 2039 ut
1337 2005 1391 2041 Cl.
1416 2005 1561 2039 notavit.
1607 2008 1691 2043 Cic:

872 2052 1017 2085 Tuscul.
1042 2050 1141 2094 Disp.
1165 2051 1199 2092 3,
1224 2053 1279 2085 6.=
1302 2063 1370 2084 non
1393 2052 1484 2085 enim
1500 2052 1595 2087 silice
1618 2066 1686 2088 na-

870 2098 901 2132 ti
930 2108 1058 2131 sumus.
1091 2102 1126 2129 et
1161 2096 1266 2130 Acad.
1302 2098 1372 2137 Qu.
1404 2097 1457 2132 4.:
1487 2109 1557 2131 non
1595 2102 1692 2134 enim>

873 2149 923 2178 est
946 2155 964 2177 e
988 2155 1070 2176 saxo
1095 2144 1268 2186 sculptus,
1302 2148 1364 2178 aut
1403 2155 1421 2177 e
1443 2145 1563 2179 robore
1587 2147 1688 2179 dolas
1733 2150 1737 2152 “

873 2195 940 2223 tus.
965 2190 1015 2224 Ε·
1039 2188 1297 2233 παροιμιώδης
1321 2187 1340 2225 ὁ
1365 2189 1484 2233 λόγος,
1511 2203 1545 2225 κ.
1571 2204 1691 2227 κατα-

874 2237 1039 2276 φατικῶς
1062 2236 1337 2280 (asseveranter)
1367 2234 1435 2279 μὲν
1469 2234 1543 2272 ἀπὸ
1573 2239 1686 2283 δρυὸς

871 2280 898 2327 ἢ
931 2280 1005 2340 ἀπὸ
1037 2282 1171 2326 πέτρης
1211 2279 1309 2317 εἶναι’
1338 2294 1395 2322 τις
1426 2282 1583 2327 λέγεται,
1623 2285 1692 2322 ὅτε

874 2326 944 2364 οὐκ
971 2328 1046 2365 ἔστι
1069 2327 1176 2373 γένος
1200 2326 1325 2363 αὐτοῦ
1360 2329 1498 2364 εἰπεῖν·
1531 2342 1688 2376 anomoc—

870 2376 980 2416 τικῶς
1004 2374 1045 2410 δέ
1068 2386 1214 2418 φαμεν,
1250 2372 1302 2413 ὥς
1332 2373 1402 2410 οὐκ
1427 2374 1503 2412 ἔστι
1527 2391 1582 2419 τις
1605 2377 1681 2414 απὸ

872 2421 990 2480 δρυὸς1
1008 2420 1252 2464 παλαιφάτου
1278 2418 1302 2466 ἢ
1336 2420 1411 2457 α’πὸ
1434 2435 1478 2458 πε
1465 2422 1587 2468 έ,τρης
1621 2438 1683 2461 oss

872 2467 940 2504 οὐκ
966 2467 1015 2502 ἂν
1040 2467 1116 2512 ε’χοι
1140 2466 1306 2523 σιγῆσαι,
1337 2467 1459 2503 πόθεν
1482 2468 1592 2505 ἐστίν.
1615 2472 1681 2517 —)

871 2516 923 2555 εἰς
946 2513 1114 2550 πιθανόν
1138 2511 1179 2548 δὲ
1204 2515 1255 2556 (11.
1280 2526 1311 2548 e.
1335 2516 1525 2555 πιθανωςε
1549 2528 1582 2552 v.
1610 2517 1683 2551 Eu-

871 2562 937 2606 rip.
963 2562 1028 2595 Or.
1046 2562 1127 2600 696,
1153 2559 1273 2604 Viger.
1295 2561 1329 2601 9,
1353 2561 1386 2600 2,
1412 2563 1455 2596 15
1475 2568 1539 2596 etc:
1545 2563 1574 2605 )‚
1593 2576 1683 2605 τους

869 2608 985 2642 πάλαι
1009 2604 1238 2649 ἀνθρώπους
1263 2604 1301 2641 ἐν
1325 2610 1407 2646 ταῖς
1430 2606 1598 2653 ἐρημίαις
1613 2608 1689 2652 τὰς’

870 2655 986 2698 μίξεις
1023 2655 1217 2688 ποιεῖσθαι
1256 2654 1412 2697 πλησίον
1459 2656 1603 2697 πετρῶν
1645 2670 1678 2692 κ

872 2699 1049 2742 δένδρων.
1074 2697 1173 2739 τινὲς
1199 2697 1251 2735 δε.
1274 2700 1620 2746 παλαιφάγου,
1646 2703 1681 2739 ἐ-

869 2746 980 2802 πειδὴ
1006 2746 1043 2782 οἱ
1066 2746 1219 2780 παλαιοὶ
1242 2744 1573 2805 ἐβαλανοφάγουν·
1607 2762 1682 2785 πα-

870 2790 913 2837 ρὰ
940 2793 1002 2828 καὶ
1027 2791 1158 2837 φηγὸς,
1185 2789 1234 2831 ὡς
1260 2805 1382 2836 (payns
1405 2805 1461 2834 τις
1486 2806 1591 2830 ουσα.
1630 2796 1680 2830 si-

868 2839 995 2874 militer
1027 2840 1124 2873 Has-i.
1152 2842 1188 2872 et
1220 2838 1302 2871 Sch.
1342 2840 1434 2882 quod
1475 2842 1601 2875 attinet
1634 2843 1680 2878 ad

869 2887 1060 2920 variantem
1083 2885 1174 2919 illam
1198 2884 1426 2941 scripturam,
1443 2888 1516 2944 Ap
1541 2899 1679 2944 quoque

869 2932 1091 2966 emendatus·
1114 2929 1369 2975 παλαιφάγου
1395 2929 1415 2965 6
1443 2931 1581 2975 Ἀπίων,
1605 2933 1679 2968 πιέ-

868 2981 930 3015 λαι
953 2977 1182 3024 ἐσθιομένης.
1207 2977 1266 3023 qui
1293 2980 1407 3045 taimen
1432 2984 1469 3014 et
1489 2978 1680 3026 παλαιφα-
