1821 3251
78 80 136 120 26

700 78 1124 122 ΟΜΗΡΟΥ

135 193 220 235 320
247 188 398 258 δμῶες
418 185 478 237 δ’,
512 178 603 232 εὖτ’
634 185 692 231 ἂν
721 186 874 244 μηκέτ’
905 188 1218 243 ἐπικρατέωσιν
1248 208 1443 249 ανακτες,

254 242 398 287 οὐκέτ’
428 243 561 287 ε’πειτ’
571 244 822 289 ,ἐθέλουσιν
851 245 1054 301 ἐναίσιμα
1082 248 1354 302 ἐργάζεσθαι

249 300 385 355 ἥμισυ
413 299 510 358 γάρ
527 300 566 344 τ’
593 301 755 371 ἀρετῆς
786 300 1051 347 α’ποαίνυται
1080 304 1280 355 εὐρύοπα
1310 307 1422 358 Ζεὺς

250 357 429 413 α’νέρος,
461 357 553 401 εὐτ’
585 357 642 402 ἄν
670 375 746 415 μιν
776 357 886 404 κατὰ
917 360 1099 405 δούλιον
1127 360 1244 419 ἦμαρ
1276 362 1467 421 ἓ’λῃσιν.“

513 461 658 496 moritur
681 462 774 496 canis
805 460 843 496 in
866 461 943 508 ipso
966 464 1114 499 articulo
1140 466 1313 511 temporis·

323 526 408 579 ’Ὡς
437 529 571 572 εἰπών
602 531 775 585 εἰσῆλθε
805 529 973 584 δόμους
1005 530 1354 585 εὐναιετάοντας,

138 588 220 631 325
250 587 308 640 βῆ
338 587 384 628 δ’

419 586 518 637 ἰθὺς
547 587 754 647 μεγάροιο
785 587 891 642 μετά
921 592 1168 644 μνηστῆρας
1199 590 1416 645 ἀγαυούς·

239 641 408 697 ’Ἄργον
439 642 485 685 δ’
517 647 574 685 αὐ
605 643 716 685 κατὰ
744 643 858 698 μοῖρ’
891 644 1044 700 ἔλαβεν
1077 646 1267 700 μέλανος
1294 649 1513 693 θανάτοιο

299 698 307 710 Ὶ
341 701 351 715 Ι
386 699 396 714 2
431 701 440 715 9

299 801 431 836 intrant
453 803 613 838 subulcus
634 806 673 839 et
695 804 861 850 Ulysses,
885 817 1019 852 quem,
1037 805 1116 841 cibo
1140 805 1264 846 misso,
1298 805 1529 842 Telemachus
1552 807 1748 843 mendicare

215 848 318 892 jubet
345 848 437 893 apud
461 861 598 894 procos-

340 916 432 962 T6v
462 918 509 962 δὲ
536 918 651 962 πολὺ
680 921 856 973 πρῶτος
884 921 950 963 ἰ’δε
985 907 1234 979 Τηλέμαχος
1251 920 1478 991 θεοειδης,

251 972 489 1028 ἐρχόμενον
519 992 628 1018 κατα
656 977 800 1029 δωμα,
833 977 1058 1046 συβώτην·
1090 980 1180 1019 nixa
1215 976 1260 1018 6’
1291 976 1436 1020 ἔπειτα

139 1036 221 1077 330
250 1030 389 1081 νεῦσ’,
414 1031 490 1075 ἐπὶ
520 1026 564 1075 οἷ
592 1033 788 1083 καλέσας.
822 1031 846 1076 ὁ
880 1033 926 1076 δὲ
955 1032 1182 1088 παπτήνας
1208 1033 1273 1076 ἕλε
1302 1035 1471 1088 δίφρον

248 1090 464 1141 κείμενον,
493 1089 602 1132 ἔνθα
632 1089 678 1132 δὲ
711 1089 888 1142 δαιτρός
918 1089 1124 1145 ἐφίζεσκε
1155 1091 1261 1144 κρέα
1289 1089 1428 1133 πολλα

250 1145 480 1216 δαιόμενος
508 1149 764 1215 μνηστῆρσι,
800 1147 940 1201 δόμον
971 1146 1080 1188 κάτα
1112 1146 1440 1200 δαινυμένοισι·

252 1200 331 1244 τὸν
354 1203 573 1258 ’κατέθηκε
603 1201 753 1274 φέρων
780 1203 895 1256 πρὸς
928 1202 1194 1273 Τηλεμάχοιο
1226 1202 1445 1256 τράπεζαν

252 1258 417 1303 ἀντί.ον
448 1259 558 1304 ἔνθα
589 1259 632 1303 δ’
663 1258 734 1314 ἄρ’
769 1257 904 1311 αὐτὸς
934 1259 1133 1316 ἐφέζετο
1165 1263 1226 1316 τῷ
1258 1259 1301 1304 δ’
1332 1258 1418 1315 α’ρα
1446 1256 1583 1314 κήρυξ

82 1366 311 1416 negligentes.
345 1371 386 1415 ζ’
411 1372 468 1407 26.
493 1392 537 1399 —
562 1371 815 1431 ἐναίσιμα,
833 1373 896 1418 ju-

68 1422 148 1472 ‘2⁸¹⁰'
171 1424 276 1452 recta.
300 1439 337 1443 —
366 1417 766 1466 ἦμισυ-ελῃσιν,
792 1432 895 1464 egre-

67 1465 141 1509 ‘gia
172 1471 207 1499 et
243 1465 391 1499 Homero
427 1465 532 1510 digna
565 1467 758 1510 sententia,
796 1466 895 1500 dimi-

81 1511 170 1544 diam
195 1511 356 1545 virtutem
382 1523 474 1545 suam
503 1512 660 1548 amittere
681 1513 834 1547 homines
859 1512 894 1545 in

79 1557 280 1592 servitutem
315 1558 485 1592 redactos.
533 1561 606 1595 Αιιι.
643 1560 688 1616 Q·
722 1565 758 1593 et
790 1558 895 1592 sch.-

82 1602 291 1649 ἀρετῆς.
304 1606 369 1661 τῆς
395 1603 565 1642 εκονσίου
598 1606 695 1650 πρὸς
727 1604 777 1639 τοὶ
809 1603 894 1648 ἔργα

82 1650 201 1695 ῥοπῆς
225 1651 323 1695 (Sch.
349 1649 495 1695 ὁρμῆς).
518 1653 715 1696 germanice
738 1651 775 1685 id
801 1650 895 1684 dicas

86 1698 228 1734 Werfh,
268 1698 696 1743 '121chtigkeit‚'sugend.
728 1697 895 1732 v.Schn.

82 1744 116 1778 ιι.
142 1755 174 1776 v.
199 1726 412 1788 Theognis,
436 1750 621 1779 annotante
646 1745 723 1779 CL·
757 1742 895 1778 οὔποτε

83 1790 232 1832 δουλείη
267 1774 408 1834 κεφαλὴ
441 1787 574 1827 ευθεῖα
603 1790 780 1835 πέφυκεν,
809 1787 895 1824 ’Ἀλλ’

82 1837 157 1871 αἰεὶ
183 1836 319 1880 σκολιή.
360 1837 548 1870 montbela
573 1837 657 1879 „Le
679 1836 799 1882 grand
826 1837 895 1869 Ju-

79 1885 172 1928 piter
202 1885 296 1916 ravit
329 1884 352 1916 ὰ
385 1884 541 1917 l’homme
575 1885 611 1916 la
643 1883 762 1917 moitic'
787 1882 830 1915 de
853 1893 894 1914 sa

81 1935 194 1970 verta,
218 1930 337 1973 quand
361 1931 393 1962 lc
404 1931 489 1973 jour
512 1931 555 1963 de
573 1931 782 1974 l'esclavage
798 1929 894 1961 vient

83 1977 115 2009 le
147 1975 260 2009 saisir.
323 1975 445 2009 Platon
470 1976 551 2020 (De
575 1976 642 2020 leg.
668 1978 701 2017 6,
734 1981 759 2008 t.
786 1976 819 2015 8,
856 1985 891 2017 p.

81 2024 161 2057 301.
186 2021 242 2054 ed.
269 2021 386 2067 ssipq)
410 2023 469 2066 qui
496 2022 565 2055 cite
589 2027 682 2056 cette
702 2020 790 2055 belle
813 2030 893 2053 seu-

82 2074 183 2102 tence
207 2069 254 2101 du
276 2069 355 2112 plus
378 2079 466 2115 sago
485 2069 545 2102 cles
561 2069 678 2112 poetes
700 2064 897 2110 (σοφώτα-

82 2127 146 2154 τος
168 2114 242 2149 τῶν
267 2116 472 2158 ποιητῶν),
496 2125 625 2148 comme
648 2113 673 2148 il
694 2114 726 2147 le
752 2113 805 2146 dit
828 2111 893 2145 lui-

84 2164 209 2201 ιιιὲιιιε,
246 2161 356 2194 donne
380 2172 423 2193 un
448 2167 543 2194 texte
567 2171 612 2193 un
638 2171 705 2204 peu
729 2159 895 2193 different

83 2207 128 2240 de
152 2207 242 2240 celui
267 2219 336 2251 que
359 2212 499 2251 portent
524 2217 585 2239 nos
610 2207 768 2240 editions.
808 2204 892 2237 Voi-

83 2255 116 2288 ci
139 2254 190 2287 les
213 2264 292 2287 vers
317 2255 514 2307 rapportes
517 2263 592 2308 par
606 2252 751 2286 Platon:
777 2248 892 2309 ημισυ

83 2319 129 2325 -
157 2299 249 2339 Ζευς
269 2295 442 2343 Ἀνδρῶν,
478 2311 544 2338 ους
568 2311 615 2333 αν
637 2294 686 2341 δὴ
708 2318 753 2323 —-
783 2297 893 2343 ἕλῃσι.

84 2345 259 2390 (similiter
293 2346 416 2379 Athen.
446 2344 487 2384 6,
524 2347 588 2387 18,
622 2345 683 2389 qui
714 2344 894 2378 Platonica

84 2391 299 2436 exscripsit.)
357 2392 409 2425 La
441 2390 630 2425 difference
660 2391 694 2424 la
728 2390 804 2435 plus
836 2401 894 2423 re-

83 2438 281 2483 marquable
297 2441 350 2471 est
371 2437 456 2470 celle
475 2438 517 2471 de
534 2436 632 2478 νόος,
635 2438 891 2493 ἱηΐειίίςεηοε,

84 2490 154 2519 mot
176 2484 347 2517 substitue
378 2495 398 2516 a
423 2484 513 2517 celui
548 2484 591 2517 de
619 2481 745 2526 οἷρετή,
778 2487 891 2516 verta.

84 2530 136 2563 La
162 2532 286 2574 pense'e
310 2529 341 2563 d’
362 2530 511 2563 Homere
535 2535 589 2563 est
613 2529 687 2574 plus
705 2529 831 2562 morale
858 2537 893 2562 et

85 2576 162 2621 plus
180 2576 284 2618 juste.
333 2577 386 2610 Au
409 2581 524 2617 reste,
558 2575 583 2609 il
607 2581 661 2609 est
684 2575 825 2609 difficile
848 2574 893 2608 de

86 2622 250 2656 conciliet
268 2626 359 2655 cette
384 2625 510 2666 pensee
534 2633 618 2656 avec
641 2621 804 2666 l'opinion
826 2632 892 2664 que

87 2668 137 2702 les
148 2667 285 2700 anciens
297 2669 435 2701 avaient
447 2680 506 2701 sur
518 2668 735 2711 l'esclavage.
755 2668 893 2701 Aristo-

87 2719 122 2748 te
141 2712 261 2756 (Polit.
279 2715 312 2753 1,
336 2725 366 2746 c.
379 2715 413 2753 2,
441 2717 474 2756 5.
496 2716 546 2758 1.)
564 2714 615 2747 dit
633 2714 889 2758 positivement.

101 2759 192 2799 ‚Les
217 2758 380 2802 premiers
404 2764 439 2792 et
462 2760 511 2793 les
536 2760 707 2794 moindres
728 2761 892 2794 elementa

88 2807 132 2840 de
157 2806 188 2839 la
211 2805 336 2838 famille
360 2810 437 2838 sont
461 2807 491 2840 le
515 2809 640 2841 maitre
665 2811 699 2840 et
721 2807 892 2848 l’esclave,

87 2853 120 2886 le
145 2850 228 2885 mari
253 2856 289 2884 et
310 2851 344 2884 la
367 2852 510 2891 femme,
534 2853 566 2886 le
590 2853 674 2898 pere
697 2858 734 2886 et
757 2854 806 2887 les
828 2863 893 2885 en-

91 2899 191 2932 sants.
203 2897 229 2916 “
285 2896 434 2930 Ailleurs
469 2878 581 2940 (i'bid.
616 2911 647 2933 c.
679 2901 717 2941 1,
750 2902 785 2943 5
818 2899 893 2943 6.=)

91 2944 153 2984 „L
156 2955 174 2976 e
198 2943 302 2977 boeuf
322 2948 376 2977 est
397 2943 555 2978 l'esclave
578 2944 626 2979 du
650 2955 792 2989 pauvre.
795 2947 820 2966 ‘⁶
865 2945 895 2978 Il

941 1384 986 1407 va
1010 1374 1086 1427 plus
1117 1372 1187 1407 loin
1216 1373 1283 1416 (ib.
1308 1386 1337 1408 c.
1362 1374 1396 1416 Ξ,
1422 1374 1457 1416 5.
1481 1372 1576 1411 150·
1613 1369 1678 1413 „n
1700 1373 1755 1404 est

940 1419 1003 1453 des
1026 1419 1200 1454 individus
1220 1419 1280 1464 qui
1305 1431 1368 1475 par
1390 1425 1513 1453 nature
1537 1417 1752 1458 sontclibres,

942 1465 1094 1499 d’autres
1118 1466 1294 1500 esclaves-
1320 1466 1340 1500 {1
1357 1477 1457 1499 ceux·
1465 1465 1497 1498 ci
1520 1463 1546 1497 il
1567 1468 1637 1496 est-¹
1643 1466 1753 1497 avan-

940 1515 1069 1555 tageux
1102 1511 1144 1545 de
1169 1512 1297 1554 servir,
1332 1516 1368 1545 et
1391 1513 1468 1546 cela'
1496 1513 1550 1544 est
1569 1510 1665 1553 juste
1699 1508 1752 1541 in·-

942 1558 1259 1593 contestablement.
1264 1560 1290 1578 “
1335 1559 1467 1592 cuinam
1503 1566 1571 1590 non
1596 1554 1633 1587 in
1657 1565 1751 1588 men-

940 1608 1009 1637 tem
1040 1604 1180 1645 veniat,
1220 1605 1306 1638 haec
1347 1603 1499 1647 legenti,
1535 1600 1635 1635 istius
1667 1600 1752 1633 dicti

941 1649 1193 1706 Evangelistae
1228 1651 1339 1693 (Luc
1376 1650 1440 1691 14,
1441 1648 1564 1705 34.).
1607 1645 1752 1682 καλὸν

940 1694 991 1730 τό
1018 1679 1154 1735 ἅλας·
1180 1695 1263 1731 ἐαν
1287 1694 1337 1731 δὲ
1359 1695 1408 1731 τό
1430 1675 1553 1734 ἅλας
1572 1705 1750 1738 μωραν-

940 1741 1015 1787 θῇ,
1050 1739 1100 1776 ἐν
1134 1743 1238 1778 τίνι
1259 1738 1637 1794 α’ρτυθήσεταις
1670 1744 1753 1789 sunt

940 1794 1053 1822 tamen
1077 1788 1202 1830 adhuc,
1226 1789 1284 1833 qui
1308 1789 1358 1822 ita
1374 1788 1536 1827 sentiant,
1559 1786 1665 1830 idque
1689 1783 1753 1830 Ρα-

939 1834 1005 1868 lam
1030 1834 1186 1879 profiteri
1211 1846 1279 1868 non
1303 1836 1530 1874 erubescant3
1553 1832 1615 1866 sed
1639 1831 1752 1886 Ριιὶιο-

940 1879 1126 1925 sophorum
1149 1891 1270 1915 nomen
1293 1892 1337 1915 ne
1355 1881 1424 1927 ipsi
1444 1879 1580 1926 quidem
1605 1876 1672 1912 sibi
1695 1888 1752 1912 ar-

940 1931 1075 1970 rogant.

986 1973 1066 2014 326,
1090 1972 1123 2007 7.
1159 1984 1281 2007 versus
1314 1972 1469 2017 insignes
1497 1971 1658 2016 rhjthmo
1691 1982 1752 2005 ac-

939 2018 1151 2053 commodato
1177 2019 1380 2057 sententiis·
1410 2029 1557 2072 quarum
1580 2019 1672 2063 prior
1696 2018 1752 2051 in-

939 2068 1041 2108 grata
1064 2065 1139 2097 fere
1159 2076 1222 2109 per
1239 2070 1445 2110 anapaestos
1465 2064 1643 2098 continuos
1665 2063 1752 2097 dure

940 2111 1106 2151 decurrit,
1129 2111 1301 2165 posterior
1326 2117 1438 2144 autem
1456 2110 1584 2151 suavis,
1608 2109 1638 2143 si
1662 2120 1751 2154 quae

939 2156 1019 2198 alia,
1043 2157 1218 2209 usurpatis
1238 2168 1314 2191 cum
1339 2156 1586 2191 efficacissimis
1605 2155 1751 2201 pedibus

939 2202 1092 2235 metricis
1114 2204 1274 2245 (--aeu-,
1292 2219 1436 2243 υψ-υ,
1455 2219 1588 2243 υ---,
1609 2201 1750 2246 -w-·)‚

938 2252 1008 2281 tum
1032 2249 1267 2292 frequentibus
1290 2249 1402 2293 iisque
1423 2249 1568 2282 variatis
1585 2247 1752 2290 caesuris,

939 2293 1022 2328 mire
1043 2294 1172 2327 delenit
1189 2306 1311 2328 sensus
1334 2295 1546 2339 animumque
1570 2293 1749 2327 auditoris.

984 2341 1107 2375 330-
1117 2341 1198 2375 334.
1229 2341 1506 2386 παπτήνας,
1542 2346 1582 2374 nt
1604 2341 1750 2373 circum·

938 2387 1061 2427 spexit.
1096 2385 1138 2427 λ’,
1173 2387 1240 2421 607
1274 2393 1340 2421 etc.
1381 2407 1427 2412 —
1471 2388 1520 2420 E:
1556 2387 1748 2441 δίφρον.

938 2430 997 2469 ὅτι
1021 2433 1155 2478 δίφρος
1187 2433 1356 2468 ἐνταῦθα
1389 2431 1555 2478 εὔτελής,
1587 2434 1679 2474 περὶ.
1705 2428 1749 2467 ὃν

939 2480 1083 2523 δηλαδή
1116 2479 1268 2523 δαιτρὸς
1298 2479 1472 2522 ἐφίζεσκε.
1498 2498 1541 2504 -
1576 2477 1748 2522 καθάπερ

939 2525 980 2562 δὲ
1004 2525 1222 2566 Μελάνθιος
1245 2529 1397 2568 καθιζεν
1421 2526 1547 2566 ἀντίος
1573 2523 1748 2569 Εὐρυμά-

938 2586 1011 2617 χῳ,
1050 2570 1130 2608 τὸν
1165 2585 1249 2617 γαρ
1273 2573 1501 2631 φιλέεσκε
1541 2570 1749 2626 μάλιστα

939 2619 1061 2664 (257),
1099 2618 1196 2654 οὕτω
1221 2620 1283 2654 καὶ
1318 2622 1387 2655 νῦν
1410 2617 1581 2662 Εὔμαιος
1602 2615 1668 2653 τόν
1691 2620 1747 2654 δι’·

939 2678 1038 2710 φρον
1061 2666 1129 2701 τοῦ
1151 2666 1307 2708 δαιτροῦ
1331 2667 1567 2711 κατέθηκε
1592 2664 1748 2708 φέρων

937 2731 981 2739 --
1007 2711 1197 2753 ἀντίον,
1230 2711 1430 2751 νεύσαντος
1461 2726 1492 2746 κ.
1526 2711 1749 2751 καλέσαντος

943 2758 1172 2804 Τηλεμάχου,
1197 2758 1283 2793 ἕνθ’
1295 2773 1319 2793 α
1344 2759 1360 2793 ε’
1373 2774 1400 2802 φ
1413 2759 1508 2801 έζετ
1518 2771 1537 2793 ο
1563 2756 1746 2800 Εὔμαιος.

939 2823 984 2830 —-
1007 2808 1256 2849 κείμενον,
1284 2808 1444 2848 positum.
1467 2818 1502 2838 v.
1526 2804 1615 2846 410,
1639 2805 1745 2839 Schn.

939 2861 973 2884 v·
996 2856 1130 2897 κεῖμαι.
1150 2872 1195 2877 -
1215 2851 1334 2886 ἔνθα
1359 2851 1425 2892 δὲ,
1451 2851 1478 2886 ἒ.
1504 2849 1563 2894 δή.
1582 2871 1627 2876 -
1646 2853 1746 2886 δαι-

939 2897 1062 2940 τρός.
1088 2897 1134 2939 α’,
1161 2898 1225 2935 141
1252 2903 1318 2933 etc.
1344 2896 1658 2942 -ἐφίζεσκε,
1690 2899 1746 2932 in-

939 2945 1051 2993 sidere
1073 2947 1217 2980 solebat.
1242 2944 1284 2990 >¹¹⁹
1307 2945 1373 2980 411
1401 2949 1467 2979 ete.
1490 2962 1537 2970 —
1568 2942 1745 2984 ἀντίον,
