1821 3288
100 82 185 123 392
464 81 782 125 ADDENDA
829 83 912 124 ET
954 82 1377 126 EMENDANDA.

103 189 366 235 ἆπεσσυμένων
387 189 497 228 πόλιν
520 191 688 237 ἄνδρων,
713 194 925 238 expulsorum
948 194 1063 228 urbem
1084 195 1247 230 virorum.
1271 195 1355 229 dicit
1383 195 1501 229 urbem
1525 199 1680 242 captam,
1705 196 1755 230 ci-

102 239 268 282 vibusque
292 238 546 282 aufugientibus
569 241 758 280 incensam,
784 245 823 272 ut
851 240 939 273 solet
961 240 1050 273 fieri.
1075 252 1178 284 saepe
1201 244 1363 275 confusae
1396 248 1475 275 sunt
1508 242 1572 276 hae
1606 254 1769 287 praepo--

103 285 262 324 sitiones,
286 295 350 317 nec
373 296 450 319 raro
475 299 495 321 o
519 298 582 331 pro
607 300 648 327 ω,
674 289 708 318 et
733 290 875 327 contra,
902 291 1087 319 exararunt
1109 287 1263 328 librarii,
1299 287 1457 321 ductibus
1482 288 1598 321 harum
1622 288 1756 321 littera-

102 341 177 364 rum
201 329 366 363 similibus
389 330 537 378 decepti.
560 353 607 359 --
629 332 708 367 709.
733 328 887 371 πόδας
909 330 1068 375 ταχύν.
1105 333 1192 365 haec
1222 333 1402 366 referenda
1440 337 1519 366 sunt
1551 335 1596 367 ad
1619 337 1753 376 κεῖνον,

103 387 169 410 non
194 374 237 408 ad
262 370 414 420 Ἀχιλῆα.
440 378 484 411 cf.
510 379 552 418 σ’,
577 381 610 410 2.
633 396 679 402 -
702 375 781 410 745.
809 387 875 411 scr.
899 377 1062 422 καμάτῳ.
1087 397 1132 402 —-
1155 379 1233 413 760.
1257 380 1369 421 περί
1393 377 1427 413 τ’
1452 378 1580 423 ἀμφί
1602 392 1648 414 τε
1671 379 1757 414 τά-

105 433 243 464 φρον
272 424 465 467 tautologia
488 423 627 468 inepta,
652 422 817 465 siquidem
842 434 910 456 non
935 425 1040 458 solum
1066 424 1159 457 circa
1183 424 1320 462 1'‚ossam
1343 425 1403 458 sed
1426 427 1527 458 etiam
1555 425 1647 458 inter
1669 425 1757 466 vias,

105 467 182 500 dum
206 467 288 501 illuc
311 469 471 512 fugiunt,
494 470 584 504 caesi
608 468 735 501 fuerint
755 468 882 501 Graeci
907 481 927 502 a
950 470 1116 523 Trojanis
1144 470 1413 514 insequentibus·
1438 472 1645 504 scribamus·
1668 471 1759 506 ποτί

104 512 136 546 τ’
159 511 258 556 ἀμφί
282 526 320 548 τε
343 515 515 559 τάφρον,
556 516 593 548 in
616 515 676 547 via
702 514 750 547 ad
777 516 914 556 fossam
938 521 972 549 et
996 517 1088 549 circa
1111 517 1219 549 illam.
1268 516 1407 550 Locella
1433 528 1508 550 ann.
1535 517 1579 550 ad
1602 517 1757 561 Xenopb.

105 559 237 613 Ephes.
263 571 298 604 p.
321 560 388 601 24,
410 562 433 594 4
457 572 504 593 ser
507 572 573 604 ltu:
597 571 722 603 „quam
747 559 944 613 frequenter
967 561 1051 603 περι
1075 567 1110 594 et
1132 561 1226 603 πρὸς
1257 564 1462 595 commutata
1485 564 1571 604 sint,
1604 564 1757 596 fraudem

105 606 255 639 faciente
280 607 422 640 obscuro
447 608 588 650 fereque
612 606 728 638 eodem
753 606 946 650 scripturae
970 607 1187 652 compendio,
1219 606 1344 640 nemini
1368 618 1433 639 non
1457 614 1569 642 notum
1593 613 1671 642 cst!
1710 609 1759 642 si-

105 651 239 686 miliora
262 653 346 686 ποτι
372 658 406 685 et
429 651 532 694 περὶ,
555 663 618 684 nec
640 651 763 684 desunt
787 653 984 696 exemplap
1009 660 1045 686 et
1068 667 1088 686 τ
1112 653 1300 686 litterarum
1325 653 1549 687 confusarum.
1586 655 1654 688 vid.
1679 654 1758 689 Ari·
1798 658 1805 690 ἔ,

107 697 241 732 stotelis
263 697 371 731 locum
397 697 452 731 «it.
479 697 521 730 ad
547 697 622 741 Od)
622 708 677 730 55.
701 695 739 737 ζ’,
757 698 824 739 53,
851 699 979 743 Odyss.
1004 698 1047 739 θ’,
1074 699 1127 739 16,
1152 698 1191 731 ll.
1217 699 1258 738 λ’,
1282 701 1363 733 706
1398 719 1401 720 ν
1768 710 1769 714 ’

202 744 246 784 Σ,
271 745 326 777 34.
349 745 416 787 jan·
442 744 540 788 displ‘·
546 752 600 776 cet
607 709 677 776 §hic
700 749 842 784 versuS‚
867 750 988 788 utpote
1012 746 1177 778 obscurus
1201 745 1394 778 brevitate:
1419 754 1531 788 neque
1555 743 1642 778 enim
1665 743 1760 789 quis-

106 799 206 833 quam
230 768 272 822 de
297 789 449 823 Hectore
472 797 506 823 et
531 790 690 823 Patroclo
714 790 857 847 cogitet.
880 796 976 824 ortus
1000 791 1090 825 haud
1116 789 1218 823 dubie
1241 795 1296 824 est
1318 802 1361 824 ex
1389 789 1609 824 annotatione
1630 791 1762 834 scripta

107 834 143 867 in
166 834 319 889 margine
345 835 434 869 libri.
457 855 502 860 -
526 833 582 870 54.
609 833 638 868 ὤ
663 847 744 876 μοι
767 834 848 878 ἐγώ
875 835 1021 879 δειλή.
1047 839 1082 871 h.
1106 848 1135 869 e.
1161 836 1233 870 sine
1257 836 1393 881 ellipsi.
1419 835 1446 870 ὤ
1472 849 1560 880 μοι,
1587 835 1680 892 ἱ,νιέγοό
1687 837 1762 879 εἰμι

108 878 211 924 δειλή
190 893 223 924 η.
245 881 329 913 mire
352 881 555 936 Theognis
566 881 721 925 (Anthol.
746 882 857 916 Palat.
890 883 959 917 vol.
985 884 1018 918 2.
1052 895 1096 939 p.
1111 883 1208 926 628.)
1233 882 1339 916 dixit:
1377 896 1404 916 ω
1439 895 1503 925 μοι
1526 881 1621 927 ἐγων
1653 880 1760 928 ἥβης,

107 926 229 971 Eurip.
252 926 358 971 Hipp.
381 928 481 962 556..
527 923 555 960 ὤ
580 941 643 969 μοι
667 927 745 983 ἐγώ
761 929 909 971 κακῶν,
944 930 1043 973 quasi
1067 927 1096 963 ὤ
1130 941 1195 971 μοι
1225 928 1271 962 sit
1295 928 1521 972 adjectivum,
1563 929 1684 983 quale
1687 930 1762 964 δεί-

106 975 224 1013 annos
240 991 284 997 -—
302 972 358 1008 64.
381 984 493 1027 apage
516 971 736 1008 barbarum
723 971 745 1008 ό
767 988 835 1010 ττι.
862 975 1075 1010 scribendum
1102 973 1192 1009 ὅττι
1217 994 1262 1000 ——-
1289 977 1368 1010 108.
1391 994 1434 999 -—-
1459 975 1631 1019 χόλος,
1662 970 1761 1009 ὅστ’
1804 975 1806 980 ’

107 1017 284 1062 ἐφέηκε
311 1018 599 1063 πολύφρονά
635 1032 720 1062 περ
752 1023 1038 1065 χαλεπῆναι·
1070 1019 1358 1056 ’“Όστεπολυ
1393 1021 1605 1064 γλυκίων
1636 1021 1761 1064 μέλι-

107 1078 187 1106 τος
214 1070 280 1099 etc.
306 1076 467 1109 ponamus
481 1066 550 1106 “03
574 1079 613 1110 γε
637 1066 730 1102 πολύ
755 1074 842 1108 etc.,
866 1073 1006 1101 auctore
1030 1068 1165 1101 Galerio
1189 1067 1210 1100 l.
1236 1067 1279 1101 de
1302 1067 1471 1111 Hippocr.
1495 1068 1538 1100 ad
1564 1067 1652 1100 Plat.
1671 1068 1761 1110 plac.

107 1112 142 1151 3,
164 1113 219 1152 2.;
243 1112 279 1153 3,
303 1114 358 1152 7;
383 1113 417 1153 4,
442 1116 474 1147 1.
500 1132 545 1137 --
572 1115 647 1147 122.
672 1114 755 1147 καί
778 1127 887 1147 τινα
917 1113 1273 1155 Τρωϊάδωνεῐο.
1320 1114 1578 1146 Andromachen
1603 1112 1700 1146 dicit.
1715 1132 1761 1137 —

108 1158 188 1193 128.
213 1168 290 1191 ann.
315 1169 418 1191 versu
443 1160 497 1192 10.
520 1158 571 1191 ita
595 1159 758 1193 scribito:
802 1160 855 1193 uti
879 1165 913 1193 et
944 1160 1072 1193 similia
1102 1158 1241 1194 ἐτευν
1276 1160 1421 1201 inferius
1443 1160 1512 1194 305
1538 1165 1571 1192 ct
1602 1157 1762 1202 ἕτυμον“

107 1210 174 1237 etc.
210 1221 256 1227 —
286 1204 366 1236 200.
396 1215 475 1236 aun.
511 1215 610 1237 versu
645 1207 700 1239 12.
736 1216 802 1237 scr.
838 1206 1081 1238 distinctionis.
1113 1224 1160 1229 -
1191 1206 1272 1240 206.
1304 1202 1474 1239 αὐτοῦ.
1516 1206 1586 1238 τοῦ
1615 1203 1762 1247 νέφεος.

107 1248 225 1282 elicuit
249 1259 290 1282 ex
314 1248 371 1282 illa
397 1250 487 1282 nube
510 1249 668 1283 Minerva
693 1250 863 1292 flammas,
887 1251 982 1284 velut
1006 1251 1194 1284 fulminum.
1212 1270 1254 1276 -—
1280 1253 1358 1286 209.
1386 1251 1450 1284 imo
1473 1251 1524 1283 sic
1546 1249 1761 1284 scribendum

108 1299 183 1328 est.
209 1313 253 1320 —
280 1292 576 1338 ἀμφιμάχονται,
611 1296 680 1338 (Οἵ
697 1309 735 1341 γε
760 1309 846 1330 παν.
866 1315 911 1320 -
934 1297 1125 1339 ι’κωνται),
1155 1293 1222 1335 ’.Ως
1246 1301 1310 1330 etc.
1335 1296 1387 1331 Οἵ
1405 1309 1464 1339 γε,
1505 1295 1631 1337 ἁστοι,
1670 1296 1761 1340 quod

106 1341 366 1385 intelligendum
391 1352 433 1374 ex
457 1353 542 1375 voce
565 1339 705 1381 ἄστεος.
728 1340 767 1386 γὲ
788 1346 822 1375 et
846 1340 883 1376 τὲ
900 1343 1045 1384 misceri,
1070 1343 1275 1376 tralaticium
1301 1348 1363 1377 est.
1373 1342 1507 1378 —214
1524 1340 1762 1386 Ἀχιλλῆος
1808 1363 1809 1367 =

107 1388 330 1431 κεφαλῆς.
356 1387 481 1431 duplex
504 1389 624 1441 genit„
649 1390 708 1432 qui
733 1388 888 1433 quamvis
910 1389 1002 1422 haud
1024 1370 1208 1422 i'nusitatus
1232 1388 1277 1422 sit
1293 1389 1340 1431 (v.
1351 1400 1428 1421 ann.
1440 1389 1484 1421 ad
1501 1387 1547 1427 ν’,
1564 1390 1662 1430 227),
1687 1388 1771 1432 pla-.

108 1438 203 1467 ceiet
231 1439 362 1474 tamen,
398 1434 507 1467 sicubi
532 1434 762 1474 inveniretur,
802 1434 991 1478 Ἀχιλλείης
1021 1436 1204 1478 κεφαλῆς,
1240 1439 1275 1467 et
1309 1434 1466 1467 similiter
1490 1435 1591 1469 615..
1625 1433 1771 1489 μητρός

105 1475 314 1522 Ἀχιλὶείης,
351 1483 386 1512 et
408 1493 460 1522 τ,
485 1481 574 1515 379:
609 1479 806 1524 Ἀχιλλείου
839 1479 986 1522 σάκεος,
1026 1480 1302 1525 quemadmodum
1334 1476 1504 1524 Εκτορέη
1536 1479 1677 1523 κεφαλὴ
1709 1478 1763 1522 ω’,

106 1527 193 1566 276,
218 1526 376 1569 Γοργείη
393 1524 539 1569 κεφαλὴ
568 1537 628 1570 pro
654 1529 819 1570 Γοργοῦς
841 1526 880 1568 ε’,
905 1527 983 1561 741.
1007 1534 1042 1560 et
1066 1526 1255 1570 hujusmodi
1281 1526 1347 1560 alia
1383 1527 1436 1569 (v.
1461 1525 1508 1571 β,
1532 1527 1599 1567 54,
1626 1527 1693 1560 Od.
1717 1525 1762 1571 γ’,

107 1573 194 1615 264)
219 1572 388 1605 dicuutur.
412 1572 574 1616 scriptum
599 1573 690 1606 sorte
707 1573 895 1617 Ἀχιλλείος
918 1584 1020 1616 porro
1052 1571 1326 1615 degeneraverit.
1351 1572 1394 1605 de
1416 1585 1440 1616 η
1470 1581 1506 1605 et
1536 1585 1575 1612 ος
1611 1573 1764 1606 confusia

111 1629 146 1650 v.
175 1617 305 1662 Odyss.
330 1616 373 1655 λ’.
397 1618 486 1657 284,
511 1617 670 1652 ΕἫιεὶῑιῑΙι
695 1631 772 1652 anu.
798 1618 842 1652 ad
871 1619 999 1661 Odyss.
1023 1617 1066 1659 o',
1090 1620 1180 1659 319,
1213 1618 1322 1661 epigr.
1349 1618 1444 1651 Hom.
1464 1620 1498 1654 7.
1521 1639 1567 1644 ——
1591 1618 1670 1653 232.
1693 1629 1762 1653 scr.

106 1660 212 1700 νπὲκ.
233 1683 279 1688 -
301 1665 381 1699 255.
407 1663 456 1697 ita
480 1663 593 1720 potius
616 1664 822 1698 scribamus.
847 1684 887 1689 —
916 1664 1024 1699 ἰέναι.
1047 1663 1097 1707 μὴ
1123 1666 1270 1706 μίμνειν
1293 1662 1370 1706 ἠώ,
1403 1664 1436 1699 h.
1461 1676 1491 1697 e
1518 1662 1570 1707 μή
1603 1665 1763 1707 μίμνετε.

107 1729 152 1735 --
177 1711 256 1745 272.
280 1720 348 1744 scr.
373 1707 439 1743 ἄπ’
464 1706 614 1749 ουάτος.
632 1729 677 1734 -—
701 1712 779 1746 283.
795 1715 833 1744 ut
856 1709 929 1744 dies
954 1711 1043 1744 diem
1067 1711 1185 1751 docet,
1213 1721 1254 1743 ne
1279 1709 1335 1742 hic
1358 1709 1493 1766 quidem
1517 1710 1660 1743 ferenda
1683 1709 1764 1744 mihi

107 1756 248 1791 videtur
271 1761 371 1790 vetus
394 1755 647 1800 interpunctio,
672 1757 733 1791 sed
759 1761 872 1797 recte,
904 1757 1048 1812 opinor,
1070 1757 1204 1799 Hcyn:
1229 1775 1271 1780 ——
1295 1754 1478 1799 ἐκπέρσει·
1502 1757 1588 1797 πρίν
1610 1769 1674 1800 μιν
1697 1761 1764 1791 etc.

106 1821 150 1828 -
179 1804 256 1837 292
277 1801 573 1860 ‚wspvolusvm
602 1803 647 1836 cf.
673 1802 717 1846 χ’,
741 1803 796 1837 45.
821 1804 968 1837 -296.
995 1800 1048 1837 ου’
1081 1803 1169 1856 γάρ
1204 1815 1276 1842 τις
1315 1801 1485 1844 Τρώων
1516 1801 1790 1837 ἐπιπείσε-,

105 1860 202 1883 ται·
234 1861 286 1882 ου
320 1847 407 1905 γάρ
444 1847 578 1884 ἐάσω.
611 1849 700 1883 imo:
737 1845 824 1885 οὔτ’
852 1846 910 1893 ἄρ’
943 1847 972 1885 ἐ.
998 1861 1030 1882 v.
1055 1860 1131 1883 ann.
1156 1849 1191 1882 in
1221 1848 1453 1901 superioribus
1477 1847 1521 1881 ad
1547 1846 1591 1888 o',
1617 1850 1695 1885 656.
1718 1858 1771 1874 -··’

104 1897 186 1932 309.
209 1895 494 1939 κτανέοντα,
521 1896 721 1929 accim-,um
771 1898 798 1930 Α
822 1894 1060 1930 schot-1621
1084 1896 1238 1929 κτείνειν
1270 1893 1507 1948 βουλόμενον.
1553 1894 1674 1928 Ense:
1699 1893 1766 1930 τὸν

104 1941 299 1983 ἐλπίζοντα
321 1940 346 1987 ἢ
370 1922 516 1978 εὔελπιν
543 1940 634 1976 ὄντα
657 1944 825 1978 ursthsw
873 1941 1035 1976 Achillem
1059 1941 1155 1974 dicit.
1168 1961 1215 1968 ——-
1234 1942 1314 1975 322.
1340 1942 1450 1975 satius
1473 1944 1528 1975 est
1520 1941 1631 2019 vponi
1656 1941 1764 1984 αἴρει.

103 1989 249 2024 -329.
275 1985 448 2034 ὁμοίην
479 1991 624 2033 γαῖαν
657 1987 865 2032 ἐρεῦσαι.
899 1988 1009 2041 malim
1035 1984 1179 2044 ὁμοίῃ,
1220 1987 1253 2020 h.
1281 1999 1312 2021 e.
1346 1985 1495 2030 ὁμοίως.
1546 1987 1706 2021 .Matth
1731 1989 1765 2028 §.

103 2035 184 2072 404.
209 2054 256 2060 -—
280 2036 358 2070 357.
389 2038 461 2070 not.
485 2047 587 2069 versu
612 2037 645 2070 2.
677 2035 930 2078 scr.{‘n917§oeg
962 2031 1044 2068 κάτ’
1070 2033 1126 2068 ε’π.
1153 2053 1198 2059 —-
1223 2034 1302 2068 362.
1336 2033 1418 2068 καὶ
1452 2033 1538 2088 μὲν
1572 2031 1630 2075 δή
1666 2030 1780 2068 πού·

102 2094 177 2121 τις
201 2078 359 2125 μέλλει
385 2079 562 2132 βροτὸς
587 2079 727 2124 ἀνδρὶ
761 2081 999 2124 τελέσσαι,
1031 2078 1210 2123 “Oeneo
1234 2078 1424 2123 θνητός
1461 2093 1482 2113 τ
1525 2077 1647 2120 ἐστὶ,
1686 2078 1791 2118 καὶ,

104 2127 158 2165 οὐ
184 2126 304 2162 τόσα
327 2128 485 2172 μήδεα
509 2126 626 2162 οἶδε.
665 2128 740 2162 fieri
767 2140 833 2161 non
859 2132 994 2172 potest,
1032 2130 1071 2159 ut
1095 2127 1194 2160 Hom.
1219 2130 1287 2159 tam
1323 2137 1430 2169 pario
1455 2125 1636 2159 intervallo
1661 2135 1764 2158 usur-

101 2173 239 2219 paverit
272 2185 464 2232 synonJma
501 2173 635 2219 βροτὸς
668 2180 704 2208 et
733 2172 884 2218 θνητός.
908 2172 1048 2228 quovis
1083 2172 1230 2215 pignore
1262 2171 1485 2211 certaverim,
1524 2181 1598 2203 eum
1636 2170 1765 2204 dixisse

91 2220 234 2264 Ὃσπερ
259 2216 394 2264 ὅνητός
417 2219 448 2255 τ’
471 2219 557 2255 ἐστι’.
605 2221 778 2263 Hesych..
803 2217 958 2263 ὀυητὸς,
984 2217 1156 2262 μεμπτός.
1181 2218 1316 2271 glossae
1352 2218 1576 2251 addubitatae
1600 2217 1686 2250 haec
1710 2221 1775 2250 est.

101 2268 213 2302 sedeS.
246 2267 427 2311 magnifice
453 2267 541 2300 enim
573 2278 611 2300 se
636 2267 784 2300 efferens
816 2266 902 2300 Juno
927 2265 1035 2298 virum
1070 2265 1222 2308 quemvis
1262 2265 1435 2297 mortalem
1471 2267 1574 2297 vocat
1614 2259 1791 2305 όνητὸν,ι

103 2315 312 2358 despectum,
341 2324 403 2346 nec
426 2324 550 2351 secum,
575 2313 639 2346 dea
665 2314 820 2354 maxima,
847 2310 1116 2355 comparandum.
1142 2311 1186 2343 cf.
1207 2309 1302 2342 Jovis
1327 2310 1514 2343 orationem
1535 2321 1578 2349 ρ,
1591 2307 1764 2349 443-47,

101 2360 182 2393 item
208 2359 309 2403 hujus
332 2358 412 2392 libri
447 2360 491 2393 85
516 2365 552 2392 et
581 2360 661 2393 432.
687 2359 770 2392 satis
795 2360 997 2403 frequenter
1029 2357 1082 2389 hic
1116 2362 1231 2389 noster
1262 2355 1370 2388 utitur
1394 2356 1501 2388 verbo
1527 2353 1700 2389 ὄνεσθαιε
1726 2366 1763 2388 v-
1800 2364 1803 2389 ;

102 2402 149 2444 δ’,
172 2406 240 2440 539
265 2410 330 2440 etc.
355 2409 537 2448 praeterea
561 2405 689 2438 similes
713 2410 792 2438 sunt
820 2407 851 2439 O
877 2408 911 2436 et
938 2405 969 2438 Θ
994 2403 1150 2443 litterae,
1173 2402 1208 2434 in
1234 2401 1357 2445 quibus
1381 2401 1536 2442 librarii,
1561 2401 1691 2457 vulgus
1710 2400 1777 2448 in-¹
1814 2424 1815 2428 ,

103 2457 259 2494 cautum,
286 2450 388 2484 facile
411 2450 501 2495 lapsi
525 2451 666 2486 suerint.
688 2469 734 2477 υ·-
757 2451 836 2486 410.
860 2449 1027 2492 nizam.
1050 2449 1084 2483 h.
1112 2460 1141 2481 e.
1166 2447 1363 2489 πελώριος,
1397 2454 1434 2480 ut
1458 2446 1622 2489 Κύκλωψ
1646 2445 1765 2490 πέλωρ

104 2497 232 2542 Odyss.
258 2494 292 2538 ι’,
317 2497 396 2531 428.
418 2515 466 2522 -·
489 2496 676 2540 ocZQntov
713 2498 800 2530 bene
835 2508 873 2530 se
908 2496 1037 2529 habene
1073 2494 1225 2528 arbitror
1249 2492 1403 2537 ἀὶητὸν,
1441 2494 1503 2527 sed
1528 2493 1597 2526 alio
1631 2505 1673 2527 ac
1697 2503 1791 2537 quo„

104 2544 274 2599 putabam.
290 2554 413 2583 sensu,
439 2547 477 2576 ut
500 2543 590 2587 quod
616 2554 705 2575 nunc
729 2542 948 2577 derivandum
972 2541 1054 2574 mihi
1078 2540 1239 2574 videatur
1261 2541 1304 2573 ab
1329 2539 1423 2580 ἀΐω,
1456 2539 1546 2572 unde
1578 2539 1704 2574 α’·ἰετὸν
1724 2541 1786 2576 et⁴

103 2589 218 2624 Ionice
242 2587 394 2632 dimon,
428 2589 466 2621 id
490 2589 580 2633 quod
604 2590 720 2622 audiri
740 2595 875 2634 potest,
914 2587 1005 2632 quod
1030 2586 1071 2619 fit
1095 2587 1144 2619 ita
1168 2591 1206 2619 ut
1239 2586 1422 2625 audiatur,
1455 2585 1488 2618 h.
1514 2596 1544 2620 e.
1577 2597 1650 2618 cum
1682 2594 1764 2618 sono

103 2647 164 2669 seu
189 2635 348 2679 strepitu.
373 2634 508 2668 scilicet
531 2634 756 2678 inaequaliter
781 2641 815 2668 et
841 2634 935 2668 velut
956 2633 1163 2666 fluctuantes
1186 2631 1352 2665 incedunt
1369 2631 1493 2672 claudi,
1510 2642 1647 2684 quoque
1672 2628 1784 2683 capti⁴

105 2683 192 2715 sunt
208 2682 318 2726 pede,
343 2692 417 2714 eum
442 2680 513 2714 solo
525 2680 714 2735 imponunt
738 2680 876 2714 fortius.
903 2691 1002 2724 quem
1026 2689 1159 2712 sensum
1185 2680 1287 2721 poe'ta
1312 2683 1349 2712 ut
1372 2677 1478 2720 magis
1502 2678 1675 2721 aperiret,
1701 2674 1765 2710 nisi

104 2728 225 2769 fallor,
242 2726 396 2783 subjecit
418 2724 608 2770 χωλεύων,
636 2727 857 2767 claudicans,
891 2736 990 2769 quem
1015 2728 1278 2758 consentaneum
1311 2724 1358 2758 sit
1387 2734 1530 2767 surgere
1569 2734 1644 2757 cum
1669 2727 1765 2755 stre-

106 2772 201 2819 pitu,
227 2772 381 2818 οἷϊητῶς.
411 2774 468 2806 vel
493 2771 699 2818 accipiamus
732 2771 1035 2817 interpretationes
1069 2770 1379 2804 Grammaticorum
1407 2765 1612 2809 πνευστόν,
1653 2779 1766 2803 πνευ-

106 2818 254 2864 στικόν,
279 2824 317 2853 ut
339 2818 550 2863 intelligatur
574 2819 740 2852 anhelans
766 2820 957 2858 Vulcanus,
981 2817 1058 2849 dum
1083 2815 1273 2849 difficulter
1297 2817 1411 2859 surgit
1434 2820 1469 2850 et
1496 2813 1665 2858 procedit.
1689 2823 1778 2860 nam⁴

105 2865 174 2898 ista
208 2877 346 2910 quoque
385 2866 562 2918 pertinere
586 2869 669 2907 puto
694 2864 738 2897 ad
762 2863 904 2907 oiim-dv.
945 2863 1037 2903 quod
1069 2861 1193 2895 attinet
1226 2861 1269 2894 ad
1304 2866 1433 2906 puncta
1465 2861 1682 2900 diaereseos,
1723 2869 1774 2893 ea.
1802 2894 1803 2898 ,

107 2921 211 2954 saepe
234 2912 392 2955 neglecta
415 2915 493 2943 suut
518 2909 551 2943 in
575 2909 685 2944 libris.
710 2921 742 2945 v,
769 2910 912 2944 inferius
937 2910 1007 2944 596
1031 2912 1096 2940 etc.
1121 2926 1167 2932 -——
1191 2905 1280 2948 424,
1303 2908 1360 2942 25.
1386 2906 1560 2941 audaciam
1585 2906 1765 2940 Gramma·
1801 2923 1804 2928 v

108 2956 250 2992 ticorum
274 2958 328 2992 vel
352 2956 587 2992 librariorum*
622 2956 765 3001 juvandi
792 2956 977 2992 Thetidem
1009 2953 1279 2990 studiosissimus
1304 2954 1498 2994 Vulcanus,
1533 2951 1690 2998 idemque
1711 2951 1764 2986 sa-
