1821 3288
537 120 1726 173 OAPZZEIAZY.127

227 240 368 294 αἰετός
395 239 631 314 ὑψιπέτης,
661 239 727 294 ἔχε
756 239 804 284 δὲ
832 237 1038 309 τρήρωνα
1065 234 1256 280 πέλειαν.

227 306 370 344 τοῖσιν
399 297 446 342 δ”
473 297 737 368 Ἀμφίνομος
766 295 1043 363 ἀγορήσατο,
1073 293 1147 338 καὶ
1177 290 1419 346 μετέειπεν·

115 360 198 405 245

314 353 393 408 ,,Ὦ,
422 356 569 410 φίλοι,
589 353 680 423 οὐχ
707 352 813 423 ἡμῖν
843 350 1127 405 ξυνθεύσεται
1157 348 1234 406 ἥδε
1262 360 1310 403 γε
1339 347 1502 405 βουλὴ,
1574 354 1597 370 ‘⁴‘

234 413 503 484 Τηλεμάχοιο
535 409 702 482 φόνος·
735 408 843 453 ἀλλά
874 406 1154 480 μνησώμεθα
1172 406 1368 456 δαιτός’*

298 468 383 521 Ὡς
413 466 543 538 ἔφατ’
568 465 859 538 Ἀμφίνομος·
891 471 1032 510 τοῖσιν
1062 463 1105 508 6’
1138 462 1373 519 ἐπιήνδανε
1402 464 1565 545 μῦθος.

191 526 435 577 --ἒλθόντες
463 522 506 568 6'
538 523 581 575 ἐς
611 522 777 578 δώματ’
804 521 1070 578 Ὀδυσσῆος
1084 520 1226 564 θείοιο
1652 571 1655 574 ¹

229 584 414 654 χὶαὶνας
431 582 511 638 μὲν
540 581 778 625 κατέθεντο
808 596 919 624 κατα
948 577 1159 634 κλισμούς
1186 592 1253 629 τε,
1266 572 1492 638 θρόνους
1518 580 1586 627 τέ,

115 643 200 687 250
230 643 273 685 οἱ
305 638 347 683 δ’
380 639 553 691 ἱέρευον
582 638 647 689 ὄϊς
676 636 933 708 μεγάλους,
944 637 1017 680 καὶ
1047 637 1205 686 πίονας
1235 630 1385 689 αἶγας,
1449 650 1457 681 τ,
1493 650 1495 655 ·

229 699 385 767 ἵρευον
409 697 457 739 δὲ
486 695 595 745 σύας
623 695 825 745 σιάλους,
862 691 938 738 καὶ
970 695 1086 762 βοῦν
1113 690 1358 763 ἀγελαίην
1392 736 1394 738 ,
1433 721 1449 726 .,

231 753 457 808 σπλάγχνα
488 751 531 796 δ’
565 750 642 805 ἄρ’
676 750 940 819 ὀπτήσαντες
970 748 1175 805 ἐνώμων,
1204 748 1252 792 ἐν
1282 747 1330 791 δέ
1356 761 1403 790 τε
1432 741 1558 790 οἶνον

230 815 475 880 κρητῆρσιν
497 809 759 863 κεράσαντο’
788 806 983 850 κύπελλα
1011 807 1058 850 δὲ
1077 811 1207 875 νεῖμε
1236 804 1458 875 συβώτης·

187 901 193 906 -
235 873 360 912 σῖτον
378 867 437 920 δέ
467 865 557 921 σφ’
579 864 781 934 ἐπένειμε
809 863 1053 932 Φιλοίτιος,
1085 861 1280 917 ὄρχαμος
1307 860 1511 930 ἀνδρων,

118 927 202 973 255
230 915 384 975 καλοῖς
412 923 459 971 ἐν
487 921 732 965 κανέοισιν·
765 919 969 976 ἐῳνοχόει
999 918 1046 963 δὲ
1073 916 1368 968 Μελανθεύς.
1452 962 1455 967 ,

230 983 274 1025 οἱ
303 978 347 1023 δ’
379 977 452 1022 ἐπ’
484 975 657 1022 ὀνείαθ’
685 977 842 1033 ἑτοῖμα
871 977 1134 1035 προκείμενα
1163 979 1310 1032 χεῖρας
1337 974 1513 1035 ιάλλον.

281 1081 443 1126 Ulyssem
467 1091 578 1128 prope
608 1078 712 1115 limen
751 1079 955 1122 considere,
994 1087 1120 1124 procos
1150 1080 1266 1113 autem
1297 1075 1370 1112 vim
1405 1074 1601 1117 abstinere,
1631 1074 1735 1120 jubet

198 1093 437 1164 Telemachus.

314 1183 568 1266 Τηλέμαχος
592 1191 639 1237 δ’
665 1191 859 1249 Ὀδυσῆα
887 1192 1118 1263 καθίδρυε,
1149 1190 1306 1261 κέρδεα
1335 1191 1513 1260 νωμῶν,

231 1248 355 1302 ἐντός
383 1251 621 1305 ἐϋσταθέος
651 1250 870 1307 μεγάρου,
898 1250 1019 1304 παρὰ
1046 1249 1203 1293 λάϊνον
1238 1243 1401 1299 οὐδὸν,

233 1310 399 1380 δίφρον
427 1307 642 1352 ἀεικέλιον
670 1308 900 1361 καταθεὶς,
930 1306 1083 1363 ὀλίγην
1110 1323 1156 1350 τε
1185 1304 1437 1378 τράπεζαν,

118 1371 203 1412 260
231 1382 321 1421 παρ
356 1364 399 1408 δ’
431 1365 580 1408 ἐτίθει
595 1364 853 1420 σπλάγχνων
882 1366 1064 1433 μοίρας,
1101 1362 1148 1406 ἐν
1178 1362 1225 1407 6’
1259 1367 1385 1405 οἰνον
1415 1360 1560 1416 ἔχευεν

232 1424 282 1467 ἐν
316 1423 445 1466 δέπαϊ
472 1433 604 1478 χρυσέ
595 1421 671 1489 '903
701 1423 776 1465 καί
803 1438 884 1483 μιν
913 1420 1023 1484 πρὸς
1051 1423 1201 1476 μυθον
1232 1419 1401 1462 ε’·ειπεν

314 1479 578 1538 ,,Ἐ-νταυθοῖ
603 1494 688 1522 νυν
716 1473 800 1549 ἧσο
830 1478 927 1548 μετ’
960 1473 1175 1531 ἀνδράσιν
1206 1473 1532 1529 οἰνοποτάζων·

231 1533 465 1606 κερτομίας
489 1531 563 1579 δέ
562 1552 644 1579 τοι
672 1533 807 1586 αὐτὸς
836 1533 936 1604 ἐγω
951 1534 1027 1578 καὶ
1055 1539 1203 1589 χεῖρας
1227 1532 1389 1605 ἀφέξω

232 1592 414 1637 πάντων
447 1592 728 1666 μνηστήρων,
758 1591 850 1635 ἐπει
881 1590 1007 1635 οὔτοι
1037 1590 1192 1662 δήμιός
1222 1589 1343 1634 ἐστιν

119 1653 203 1698 265
236 1647 359 1701 οἶκος
391 1648 475 1703 66,
508 1649 608 1694 αλλ’
625 1649 881 1706 Ὀδυσῆος,
897 1648 994 1703 ἐμοὶ
1023 1647 1061 1692 δ’
1097 1648 1303 1703 ἐκτήσατο
1334 1650 1493 1701 κεῖνος.

235 1705 362 1762 υμεῖς
393 1707 460 1758 δε,
490 1709 758 1778 μνηστῆρες,
791 1707 980 1779 ἐπίσχετε
1009 1705 1158 1761 θυμὸν
1186 1705 1359 1775 ἐνιπῆς,

233 1764 310 1808 καὶ
338 1779 521 1820 χειρων,
555 1765 630 1821 ἵνα
658 1762 717 1838 μή
750 1778 817 1815 τις
844 1763 935 1823 ἔρις
964 1762 1040 1825 καὶ
1067 1767 1212 1813 νεῖκος
1243 1760 1441 1818 ὀρηται.“

67 1924 134 1966 16,
161 1922 197 1959 3.
237 1939 285 1948 -
323 1918 566 1965 τρήρωνα·
588 1919 797 1957 πέλειαν.
840 1931 877 1957 v.

54 1972 144 2005 unn-
169 1970 213 2004 ad
239 1968 280 2002 11.
308 1967 347 2013 ε’,
371 1969 451 2003 778.
477 1986 523 1993 --
547 1969 648 2013 Αρ..·
669 1966 876 2003 συνθεύ-

54 2026 143 2052 ‘cet
156 2029 204 2051 αι
247 2015 368 2072 (pro
383 2014 550 2061 ξυνθ.)-
599 2015 878 2059 συνδραμεῖται.

65 2063 121 2098 Ει
153 2081 200 2088 —-
245 2074 290 2096 ov
323 2058 392 2106 γαρ
426 2059 709 2103 συνδραμεῖται,
750 2062 877 2107 φησὶν,

65 2106 156 2154 ἡμῖν
179 2107 221 2144 τό
242 2105 461 2166 βουλευθεν,
486 2104 577 2141 ἀλλὰ
600 2107 774 2152 δηλονότι
799 2119 878 2143 σκε-

65 2153 315 2210 δασθήσεται,
350 2161 406 2198 αφ
464 2150 593 2208 ἡμων,
635 2154 698 2189 καὶ
731 2153 799 2189 οὐκ
831 2152 878 2190 ἂν

66 2203 211 2247 ἴδοιμεν
235 2197 341 2237 αυτό
383 2200 436 2240 εἰς
465 2198 624 2234 κώλυσιν
648 2213 716 2235 ουν
739 2202 876 2255 βουλῆς

56 2250 204 2286 ὀἰκεῖον
227 2246 269 2283 τὸ
296 2243 383 2291 οὐχ
407 2244 523 2292 ἡμῖν
549 2265 593 2271 -
624 2247 785 2293 βουλή.
830 2248 875 2281 de

66 2295 133 2330 hac
156 2296 263 2329 forma
287 2293 403 2328 futuri
416 2304 449 2327 v.
476 2293 600 2326 Matth
627 2296 659 2336 §.
682 2295 760 2336 176,
783 2305 816 2327 ·.c
839 2298 876 2327 et

68 2341 332 2376 Grammaticos.
359 2359 403 2364 —
427 2336 545 2374 ἄλλα
568 2339 875 2397 μνηρώμεθα

68 2387 258 2427 δαιτός.
305 2397 374 2420 vox
406 2385 733 2441 χαρακτηριστικῆ
738 2398 770 2420 ιιι
796 2398 876 2431 pro-

68 2446 122 2469 co.
147 2440 185 2469 at,
204 2435 331 2468 heroiis
355 2432 472 2466 Iliadis
504 2431 566 2476 (ο’,
598 2434 679 2474 477,
702 2430 746 2477 τ’,
770 2433 875 2477 148)=

68 2478 162 2516 οἷλλοὶ
181 2478 408 2525 μνησώμεθα
430 2477 585 2524 χάρμης.
618 2479 740 2514 Horat.
765 2480 877 2524 Epist.

60 2528 105 2569 1,
128 2528 162 2568 2,
185 2527 264 2561 27.=
294 2538 355 2560 nos
377 2537 538 2559 numerus
560 2537 675 2558 sumus
699 2531 732 2559 et
756 2526 877 2571 fruges

63 2583 267 2617 ,consumere
290 2572 381 2613 nati,
408 2572 531 2616 Sponsi
555 2571 760 2616 Penelopae.

113 2628 196 2666 247.
243 2628 288 2662 cf.
312 2627 356 2672 ν’,
385 2631 429 2666 16
453 2634 523 2664 etc.

63 2710 65 2712 -
113 2686 233 2723 249—
243 2687 324 2721 251.
370 2684 415 2732 ρ’,
441 2687 562 2722 179-
573 2687 650 2723 181

61 2754 66 2759 ’
113 2755 239 2791 252-
247 2755 330 2790 255.
378 2753 588 2800 ἐνώμων,
614 2754 880 2789 distribuebant.

62 2797 115 2846 γ’,
135 2802 205 2836 340
237 2809 304 2835 etc.
336 2819 381 2827 -
412 2802 685 2848 κεράσαντο
719 2803 759 2835 Α.
786 2802 816 2835 1.
842 2806 879 2834 et

12 2847 19 2852 “
69 2847 149 2882 Ald.
178 2849 213 2882 3.
261 2848 306 2881 cf.
338 2850 412 2882 Am.
437 2848 479 2881 Β.
523 2849 646 2893 vulgo:
679 2846 877 2891 κερόωντο.

63 2894 112 2927 ὀἱ
142 2892 194 2936 θ’,
226 2892 306 2937 470,
342 2892 385 2936 ο’,
417 2895 485 2930 499
521 2901 586 2929 etc.
612 2904 667 2919 '—-
708 2895 877 2933 καλοῖς

0 2980 1 2986 ¹
63 2938 400 2977 ἐνκανὲοισιν.
447 2941 489 2974 11.
513 2939 549 2983 ι’,
573 2942 673 2983 216.,
688 2939 759 2982 ω’,
784 2941 877 2983 625,

66 2990 104 3021 et
125 2996 223 3032 seqq.
247 2988 293 3022 of.
320 2987 447 3033 Odyss.
472 2985 519 3032 α’,
546 2988 624 3024 147.
659 2966 876 3022 memorabile

923 1921 1130 1958 sacrificium
1163 1931 1359 1966 procorum.
1406 1918 1461 1954 Ε.
1495 1915 1738 1972 σημειοῦνται

923 1969 962 2004 ἐν
986 1973 1065 2011 τοῖς
1097 1968 1269 2021 ῥηθεῖσιν
1309 1967 1346 2003 οἱ
1379 1966 1558 2006 παλαιοὶ,
1594 1960 1645 2004 ὥς
1676 1961 1737 1998 ἐν·-

922 2012 1043 2058 θάδε,
1066 2016 1130 2050 καὶ
1152 2012 1291 2069 μόνον,
1331 2009 1368 2048 οἱ
1391 2013 1596 2069 μνηστῆρες
1619 2007 1738 2051 ἱερευ-

924 2073 1032 2097 ουσιν
1055 2059 1112 2102 ὅις
1135 2061 1198 2096 καὶ
1221 2074 1269 2096 τα
1292 2058 1397 2105 ἑξῆς,
1429 2080 1476 2087 —-
1511 2056 1674 2101 ἀλλαχοῦ
1693 2053 1737 2091 δὲ

923 2111 990 2151 τῆς
1018 2105 1218 2154 Ὁμηρικῆς
1262 2106 1402 2162 ταύτης
1449 2102 1635 2149 ποιήσεως
1667 2114 1737 2147 ονχ

925 2152 1103 2200 εὕρηνται
1120 2156 1234 2190 τοῦτο
1261 2155 1470 2193 ποιοῦντες
1516 2152 1566 2185 sic
1589 2149 1737 2184 inferius

920 2204 964 2237 27
966 2203 1002 2238 6.
1033 2202 1142 2237 sacris
1165 2199 1312 2247 publicis
1336 2199 1428 2234 haud
1451 2199 1637 2233 intersunt.

967 2282 1048 2317 256.
1096 2278 1144 2324 α’,
1171 2277 1251 2324 149,
1274 2279 1316 2316 ΙΙ.
1340 2277 1378 2323 ι’,
1402 2279 1448 2316 91
1473 2280 1541 2315 etc.

967 2363 1048 2403 258,
1073 2361 1107 2396 9.
1130 2356 1670 2415 ἐϋσταθέοςμεγαρου.
1691 2369 1738 2402 χ,

923 2409 1010 2449 120,
1045 2407 1088 2441 Il
1112 2403 1154 2449 σ’,
1184 2404 1254 2441 374
1287 2410 1356 2440 etc,
1389 2423 1435 2431 —
1469 2402 1738 2448 ἀεικέλιον,

921 2455 1125 2498 indignum,
1148 2453 1263 2487 vilem.
1297 2450 1344 2496 δ’,
1368 2450 1438 2487 244
1460 2460 1529 2486 etc.
1575 2470 1579 2474 ·

969 2523 1094 2559 262-
1102 2522 1181 2558 266.
1225 2517 1572 2562 οἰνοποτάζων.
1596 2516 1735 2562 §2309-

922 2569 1271 2622 -κερτομίας.
1318 2567 1360 2601 11.
1384 2567 1430 2609 ν’,
1462 2568 1543 2601 202.
1567 2585 1613 2591 ——-
1645 2569 1737 2610 χεῖ-

863 2620 866 2625 ’
925 2628 1033 2659 ρας,
1054 2627 1192 2656 manus,
1216 2613 1296 2655 vim,
1320 2612 1607 2668 quemadmodum
1617 2613 1738 2647 dicunt

924 2663 977 2702 εἰς
1001 2664 1123 2705 χεῖρας
1147 2660 1285 2696 ἐλθεῖν.
1319 2661 1362 2692 cf.
1386 2660 1465 2695 267.
1481 2679 1530 2685 —-
1552 2656 1735 2704 δήμιος,

923 2709 1100 2752 publicus,
1133 2708 1177 2742 de
1201 2718 1269 2765 quo
1290 2706 1347 2749 jus
1371 2705 1416 2738 sit
1440 2705 1567 2759 populo
1591 2711 1627 2740 et
1650 2715 1737 2750 pro-

926 2754 987 2788 cis.
1010 2774 1057 2779 —
1092 2755 1191 2788 Scin-2
1226 2752 1392 2794 ἐνιπῆς
1405 2748 1485 2804 (κ’,
1509 2749 1608 2808 448).
1657 2750 1738 2786 ἐπι-

923 2798 1098 2857 πλήξεως.
1121 2798 1228 2844 ἐνιπή
1247 2795 1269 2843 ἡ
1287 2797 1352 2832 διὰ
1369 2793 1487 2841 λόγων
1504 2794 1735 2840 ἐπίπληξιςκ.

924 2844 1054 2890 α’πειλη
1079 2847 1206 2891 (germ.
1231 2845 1296 2878 das
1320 2842 1532 2887 Anfahren)‚
1564 2841 1639 2879 ἀπὸ
1665 2844 1734 2879 τοῦ

921 2892 1052 2928 ἐνέπω.
1093 2894 1161 2928 imo
1193 2892 1236 2925 ab
1216 2889 1384 2925 ῧένίπω
1409 2889 1483 2923 sive
1507 2887 1656 2926 ἐνίπτω.
1701 2901 1735 2926 v.

923 2940 1119 3022 gggtmann.
1159 2938 1269 2973 Lexil.
1304 2937 1368 2982 63,
1406 2937 1505 2970 14-
1463 2938 1583 2983 -21,
1619 2942 1655 2970 et
1688 2937 1733 2970 cf.
