1821 3288
141 109 200 149 86

773 104 1176 151 ΟΜΗΡΟΥ

198 215 278 260 185
306 211 409 257 ἔνθ’
433 211 632 284 Ὀδυσῆα
661 213 773 280 έγων
802 213 972 271 ἰδόμην,
1000 214 1076 258 καὶ
1104 214 1239 266 ξείνια
1266 216 1403 259 δωκα.

307 269 378 313 καὶ
409 269 494 326 γὰρ
523 272 603 314 τὸν
633 271 857 327 Κρήτηνδε
886 270 1127 326 κατήγαγεν
1151 273 1196 322 ἲς
1225 269 1424 326 ἀνέμοιο,

308 325 483 381 ἱέμενον
502 329 741 400 Τροίηνδε,
770 327 1113 397 παραπλάγξασα
1143 331 1373 372 Μαλειῶν·

309 386 439 452 στῆσε
468 382 513 429 δ’
542 385 590 428 ἐν
612 383 813 439 Ἀμνισῷ,
842 384 918 426 ὅθι
945 399 989 427 τε
1022 383 1153 434 σπέος
1182 385 1448 454 Εἰλειθυίης,

307 438 356 482 ἐν
383 440 551 512 λιμέσιν
565 444 814 512 χαλεποῖσι,
843 439 967 494 μόγις
995 439 1039 484 δ’
1070 439 1287 493 υπάλυξεν
1316 440 1418 484 αέλλ
1422 458 1483 493 ας.

198 497 279 540 190
308 494 464 541 αὐτίκα
495 496 538 540 6'
565 496 791 551 Ἰδομενῆα
819 496 1020 552 μετάλλα,
1051 495 1202 539 ἄστυδ’
1238 496 1456 541 ανελθεόν·

308 552 452 604 ξεῖνον
479 553 562 608 γάρ
593 554 637 596 οι
665 552 826 606 ἔφασκε
857 554 988 606 φίλον
1015 551 1055 594 τ’
1083 553 1198 606 ἔμεν,
1230 554 1403 599 αἰδοῖόν
1431 569 1493 600 τε

307 612 371 664 τῷ
401 608 443 652 δ’
477 610 562 665 ἤδη
591 609 746 663 δεκάτη
775 607 804 664 ἦ
835 607 1039 663 ἑνδεκάτη
1068 610 1195 651 πέλεν
1223 609 1328 664 ῆώς,

312 666 541 734 οἰχομένῳ
553 665 631 715 ξύν
657 665 788 719 νηυσὶ
817 666 1054 735 κορωνίσιν
1071 663 1212 722 Ἴλιον
1242 667 1355 708 είσω.

307 721 385 764 τὸν
414 721 492 777 μὲν
523 720 607 776 ἐγω
640 720 754 775 πρὸς
782 719 944 776 δώματ’
977 720 1098 776 ἄγων
1126 723 1176 764 εὐ
1206 721 1431 773 ἐξείνισσα,

201 778 281 822 195
310 777 527 827 ἐνδυκέως
557 777 735 832 φιλέων,
764 782 938 821 πολλῶν
965 777 1076 821 κατὰ
1107 775 1246 849 οἷκρν
1259 776 1447 822 ἐόντων·

317 833 392 877 καὶ
421 831 478 886 οἶ,
508 838 601 884 τοῖς
632 834 674 877 τ’
704 834 852 885 ἅλλοις
881 832 1064 887 ἑτάροις,
1096 837 1140 877 οἱ
1168 832 1246 895 ἅμ’
1279 832 1399 905 αὐτῷ
1429 833 1600 890 ε’ποντο,

311 890 509 961 δημόθεν
539 891 699 958 ἄλφιτα
729 893 848 934 δῶκα
878 891 949 934 καὶ
980 892 1149 934 αἴθοπα
1179 895 1306 934 οἰνον
1336 890 1526 958 ἀγείρας,

309 949 384 989 καὶ
414 948 524 1002 βοῦς
557 947 839 1001 ἱρεύσασθαι.
871 949 944 990 ι’να
974 949 1213 1002 πλησαίατο
1232 947 1403 1021 θυμόν.

310 1002 422 1046 ἔνθα
451 1003 647 1047 δυωδεκα
677 1004 771 1072 μὲν
784 1003 918 1059 μένον
948 1003 1089 1059 ἤματα
1120 1005 1209 1047 δῖοι
1232 1002 1419 1058 Ἀχαιοί·

194 1063 283 1105 200
313 1060 415 1102 ε’ίλει
443 1077 529 1115 γαρ
558 1060 718 1116 βορέης
745 1060 903 1115 ἄνεμος
931 1063 1076 1115 μέγας,
1108 1060 1209 1103 οὐδ’
1240 1061 1309 1104 ἐπι
1338 1061 1443 1117 γαίῃ

314 1117 382 1164 εἴα
413 1117 631 1170 ἴσ,τασθαι
662 1117 860 1186 χαλεπὸς
876 1116 923 1160 δέ
954 1133 1015 1167 τις
1045 1117 1184 1171 ω’ρορε
1216 1118 1399 1171 δαίμων.

314 1175 369 1229 τῇ
386 1173 728 1244 τρισκαιδεκατῃ
759 1173 801 1217 δ’
832 1172 993 1226 ἄνεμος
1024 1172 1142 1216 πέσε·
1174 1174 1244 1216 τοὶ
1274 1174 1317 1217 δ’
1342 1172 1610 1244 ἀνάγοντο.“

386 1229 508 1277 Ἴσκε
535 1229 700 1282 ψεύδεα
729 1231 869 1277 πολλοὶ
897 1230 1047 1285 λέγων,
1079 1228 1301 1286 ἐτύμοισιν
1328 1228 1481 1287 ὁμοῖα·

142 1372 212 1454 7ῐο7
228 1376 296 1407 etc·
313 1392 357 1400 —
381 1375 552 1420 ξείνια.
578 1375 614 1420 ι’,
640 1378 721 1420 229,
743 1376 785 1413 Il.
809 1375 852 1420 κ’,
877 1377 948 1413 269

142 1430 163 1452 e
181 1429 200 1450 0

190 1463 401 1502 187-ν202.
434 1467 818 1512 παραπλάγξασα
841 1470 950 1505 Μα-

143 1511 282 1546 λειῶν
302 1509 362 1556 (γ’,
388 1514 502 1558 287),
525 1520 706 1560 postquam
728 1517 826 1550 illum
849 1517 950 1550 aber-

142 1567 224 1590 rare
239 1558 341 1600 fecit,
363 1559 438 1593 sive
453 1562 605 1616 depulit,
627 1573 650 1594 a
668 1563 797 1595 M.alea
818 1581 863 1587 —
877 1563 951 1596 Am.

143 1602 208 1637 Β..·
239 1605 381 1648 στῆσε
405 1604 475 1660 (β’,
499 1609 564 1644 391
591 1609 676 1651 etc.)
710 1604 749 1642 δ’
781 1606 828 1644 ἐν
853 1605 952 1651 Ἀμ-

143 1649 271 1695 νισῷ.
301 1651 541 1707 προσώρμισε.
588 1654 770 1689 Κνωσσοῦ
794 1652 834 1688 δὲ
869 1652 949 1689 ἐπί-

143 1706 246 1729 νειον
275 1693 457 1741 Ἀμνισός.
505 1699 580 1734 ἔστι
620 1699 660 1734 δὲ
694 1700 757 1735 καὶ
787 1698 952 1742 ποταμός

143 1739 301 1797 Κρήτης..
326 1743 451 1788 (cujus
476 1745 519 1778 ad
544 1745 666 1780 ostium
690 1746 759 1780 sita
781 1746 849 1780 suit
872 1746 953 1779 urbs

146 1789 385 1844 cognominis.)
408 1791 462 1824 E:
481 1788 635 1835 Ἀμνισ
647 1803 666 1826 6
678 1789 697 1828 6
711 1805 728 1833 ς
744 1790 784 1827 δὲ
801 1793 955 1832 Μίνωος

144 1831 317 1877 ἐπίνειον,
347 1835 396 1876 ὡς
423 1834 443 1872 6
461 1836 689 1882 Γεωγράες
709 1838 800 1882 φησί
820 1839 956 1881 (Strab.

145 1881 263 1921 10‚4.‚
288 1881 557 1928 νο1,2.ρ3,72.
582 1883 851 1928 0(1.“131101111.·)
877 1883 952 1919 ἕτε-

145 1937 206 1979 ροι
229 1925 269 1961 δὲ
293 1930 478 1964 Κνωσσου
500 1935 565 1963 etc.
601 1930 687 1964 haec
710 1942 776 1964 non
799 1936 881 1965 sunt
905 1943 951 1965 α-

145 1969 320 2010 σύστατα.
367 1976 494 2010 Strabo
515 1975 668 2010 ibidem.
700 1974 953 2032 διαφερόντως

145 2019 214 2062 τὴν
238 2021 416 2055 Κνωσσὸν
437 2022 501 2056 καὶ
514 2019 688 2066 Όμηρος
709 2019 838 2065 ὑμνεῖ,
869 2034 951 2067 με·

144 2063 290 2111 γάλην
312 2069 434 2101 καλῶν
462 2068 579 2112 (178),
604 2069 665 2104 καὶ
681 2069 867 2114 βασίλειον
883 2069 952 2103 τοῦ

145 2112 267 2147 Μίνω.
293 2133 337 2139 -
362 2115 628 2159 Εἰλειθυίῃ
639 2128 667 2156 ς.
701 2115 803 2149 Paus.
829 2114 954 2150 Atticis

148 2159 219 2199 18,
241 2162 381 2194 notante
405 2159 554 2194 cellario
579 2127 628 2197 1.η
636 2173 670 2207 p.
696 2160 817 2196 1276..
853 2161 954 2205 Κρῆ-

147 2206 213 2247 τῆς
236 2218 358 2249 χωρας
380 2207 446 2251 τῆς
469 2208 640 2248 Κνωσίας
663 2205 703 2241 έν
726 2206 877 2251 Ἀμνισῷ
900 2219 955 2251 γε-

146 2250 279 2285 νέσθαι
308 2253 522 2309 νομίζουσιν
553 2254 785 2289 Εἰλείθυιαν,
834 2254 881 2287 cf.
912 2253 953 2288 11.
980 2259 985 2264 “

146 2294 189 2339 λ’,
212 2299 292 2332 270.
310 2296 629 2341 -υπάλυξεν,
653 2301 775 2334 evasit.
802 2296 847 2341 δ’,
872 2299 953 2340 512,

177 2342 280 2382 ,430
297 2348 364 2377 etc
380 2346 652 2380 -αἰδοῖον
679 2343 717 2389 ι’,
738 2346 803 2380 271
823 2349 888 2379 etc.
908 2363 954 2373 ---·

148 2389 229 2422 Sch.
241 2401 250 2423 1
277 2390 366 2425 δεκ.
398 2388 423 2436 ἢ
453 2389 695 2447 ἑνδεκάτη.
706 2371 955 2447 ψευδόμενοι

146 2434 241 2470 ἐπὰν
263 2436 392 2480 λέγωσί
412 2450 449 2472 τι
471 2435 522 2481 μὴ
544 2437 681 2473 εἰδέναι
705 2435 868 2495 ἀληθῶς,
894 2449 954 2470 m*

145 2480 357 2537 θανώτεροι
381 2484 556 2519 δοκοῦσιν
575 2482 682 2519 εἶναι.
701 2503 746 2509 —-
767 2482 814 2518 εν
827 2481 955 2519 δυκε

147 2541 218 2569 ως,
240 2527 474 2585 επιμελῶςΛ]
487 2532 599 2573 ,,256
623 2530 665 2566 ΙΙ.
688 2529 742 2575 ψ’,
766 2532 812 2565 90
828 2534 895 2568 etc.
907 2548 955 2554 —

148 2573 385 2618 δημόθεν,
410 2543 474 2610 den
474 2577 621 2620 publico.
649 2576 703 2610 Ε·
729 2574 772 2610 τό
801 2575 841 2611 δὲ
870 2577 954 2617 δη·-

146 2619 302 2664 μόθεν
336 2601 512 2657 δδῦναι
555 2621 735 2666 ἄλφιτα
766 2622 847 2658 καὶ
881 2620 954 2657 οἶ-

149 2678 244 2708 νον,
267 2680 298 2702 κ.
324 2667 424 2711 ἑξῆς,
458 2670 583 2723 δηλοῖ,
617 2668 708 2709 ε’θος
739 2668 834 2704 εἶναι
859 2668 955 2711 ξενί-

143 2714 281 2757 ζεσθαι
302 2715 464 2770 δημο’σιᾳ
487 2714 576 2755 τοὺς
597 2713 736 2758 αξίους.
769 2712 868 2750 ου’τω
892 2712 956 2751 καὶ

150 2760 325 2801 Λλκίνοος
348 2759 421 2815 (‚²‘’
446 2752 612 2804 '13—15)
640 2761 737 2795 11.οὶ
760 2760 828 2796 σύν
852 2758 955 2806 αὐτῷ

147 2816 312 2848 αριστοι,
332 2804 608 2849 ἀνδρακάς
641 2804 817 2847 δόντες
851 2807 955 2852 δῶρα

146 2853 196 2895 τῷ
225 2849 414 2895 Ὀδυσσεῖ,
448 2851 601 2897 ὕστερον
635 2850 953 2907 ἀγειρόμενοι

147 2896 272 2932 κατὰ
307 2898 462 2955 δῆμον
493 2899 672 2943 ἐποίησαν
704 2898 751 2932 τοὶ
787 2897 954 2942 ρηθέντα

147 2941 229 2980 ἐκεῖ.
254 2945 371 2990 βοῦς
394 2942 433 2981 δ’
460 2945 680 2990 ὶερεῦσαι
703 2942 770 2992 (β’,
794 2947 840 2982 56
863 2945 953 2990 etc)

994 1377 1058 1415 καὶ
1082 1379 1153 1415 νῦν
1170 1377 1214 1414 τό
1235 1374 1451 1422 σφαγιασαι.
1476 1375 1522 1411 vd
1549 1371 1591 1411 δὲ
1612 1376 1802 1436 πλησαί-

996 1438 1081 1461 ατο
1119 1424 1282 1469 θυμόν
1307 1424 1501 1468 (explerent
1514 1424 1696 1481 ,απίηιυηῄ
1722 1421 1802 1458 ἶσόν

995 1470 1072 1507 ἐστι
1095 1474 1146 1516 τῷ
1169 1470 1393 1513 κορέσαιντο,
1412 1488 1458 1495 ·-
1485 1468 1613 1510 εἷ’,λει
1637 1471 1800 1514 urgebat,

996 1506 1192 1552 coercebat.
1221 1516 1261 1558 λ’,
1285 1518 1366 1557 572,
1398 1527 1423 1559 μ
1438 1539 1448 1557 ,
1476 1517 1556 1556 210,
1589 1495 1630 1550 1'1.
1655 1515 1708 1558 θ’,
1732 1517 1801 1550 214

998 1570 1065 1598 etc.
1087 1584 1133 1588 —
1156 1564 1188 1597 E
1212 1561 1362 1597 emend..
1398 1560 1441 1597 τὸ
1463 1573 1639 1604 ανεμος
1660 1561 1801 1597 πέσεν

997 1608 1080 1645 ἀντὶ
1110 1622 1177 1644 του
1214 1607 1425 1648 ἐπαύσατο,
1459 1606 1674 1651 καινότερον
1705 1620 1804 1666 φρα-

998 1654 1090 1692 σθεν
1124 1652 1270 1700 αφελῶς
1292 1653 1385 1697 πρὸς
1411 1651 1642 1688 ἀκολουθίαν
1666 1667 1731 1690 του
1768 1652 1804 1690 ἐ-

999 1701 1193 1746 στόρεσε
1213 1701 1261 1738 δὲ
1284 1697 1804 1756 θεόςπόντον(γ’,·158)

999 1748 1096 1784 ἔνθα
1126 1747 1195 1793 γὰρ
1229 1746 1271 1784 τό
1306 1744 1475 1789 στορέσαι
1501 1760 1534 1782 κ.
1557 1747 1717 1803 στρῶσαι
1747 1747 1804 1782 οἰ-

998 1799 1111 1836 κεῖον,
1135 1794 1210 1830 ἐκεῖ
1230 1792 1292 1829 καὶ
1317 1791 1360 1828 τὸ
1384 1795 1519 1828 πεσεῖν.
1543 1789 1802 1839 ἅναγοντο,

999 1843 1183 1877 solverunt.
1209 1841 1248 1874 Il.
1272 1837 1319 1880 α’,
1343 1840 1423 1874 478.

1042 1888 1167 1923 203-
1177 1888 1256 1923 208.
1297 1865 1380 1919 S’ch.
1415 1883 1567 1920 emend-z
1599 1883 1696 1920 ἴσκε
1728 1881 1802 1940 (δ’,

996 1934 1077 1976 279,
1100 1933 1143 1977 χ’,
1166 1933 1287 1977 31,11.
1312 1930 1355 1973 λ’,
1379 1932 1447 1967 799
1471 1931 1558 1975 etc.)
1593 1943 1690 1971 τινες
1711 1929 1803 1987 βου·

996 1982 1124 2014 λονται
1154 1979 1195 2015 τὰ
1231 1978 1359 2022 ἔλεγε
1383 1978 1594 2033 σημαίνειν·
1625 1975 1730 2012 ἄλλοι
1759 1975 1801 2013 δὲ

996 2023 1038 2059 τό
1064 2023 1179 2068 ἤϊσκε,
1201 2025 1351 2065 εἴκαζεν,
1376 2020 1532 2066 ὡμοίου.
1554 2022 1622 2066 (sic
1646 2024 1801 2079 Hesych.

997 2076 1034 2104 et
1056 2072 1122 2116 Ap.
1146 2071 1180 2107 11.
1202 2071 1255 2114 v.)
1279 2069 1320 2105 τὸ
1344 2068 1413 2115 γὰρ
1438 2067 1545 2110 ολον,
1569 2067 1685 2105 πολλοὶ
1709 2077 1802 2111 ψευ-

998 2118 1046 2174 δῆ
1081 2117 1194 2161 λέγων
1227 2117 1387 2158 εἴκαζεν,
1424 2126 1515 2150 ωστε
1550 2112 1664 2171 ὅμοια
1703 2119 1801 2151 εἰναι

998 2161 1066 2208 αλη
1069 2162 1195 2198 θέσιν.
1232 2160 1307 2198 απὸ
1329 2162 1397 2196 τοῦ
1416 2162 1516 2203 εἴδω,
1543 2159 1564 2196 6
1588 2161 1727 2205 μέλλων
1748 2162 1801 2197 εἶ’-

998 2221 1062 2244 σω.
1086 2209 1136 2266 (?)
1157 2209 1208 2244 Ε.
1233 2209 1275 2244 τὸ
1295 2209 1423 2243 ἴσκεν
1438 2208 1474 2245 οἱ
1490 2206 1557 2251 μὲν
1572 2207 1801 2253 γλωσσογρά-

999 2268 1067 2312 φοι
1099 2254 1181 2290 ἀντὶ
1205 2257 1274 2290 τοῦ
1301 2253 1413 2299 ἔλεγεν
1438 2239 1664 2310 ἐκδέχονται,
1697 2254 1735 2290 οὶ
1758 2253 1800 2289 δὲ

996 2300 1247 2356 ἀκριβέστεροι
1277 2300 1359 2337 ἀντὶ
1381 2303 1450 2336 τοῦ
1470 2298 1618 2345 ἤϊσκεν,
1650 2299 1672 2336 ὅ
1703 2299 1802 2336 ἐστιν

997 2348 1138 2390 εἴκαζεν
1183 2346 1424 2389 ἄπεικονίζων
1463 2346 1556 2392 πρός
1604 2345 1802 2391 αλήθειαν.

998 2393 1197 2439 Apollonius
1221 2395 1331 2429 Rhod.
1358 2397 1391 2436 1,
1415 2394 1494 2429 834.
1527 2393 1570 2427 de
1593 2393 1799 2447 Hypsipyle,

999 2451 1087 2484 quae
1104 2441 1222 2473 Jasoni
1243 2440 1332 2473 salso
1357 2439 1523 2480 narravit,
1547 2438 1704 2473 Lemnias
1729 2451 1803 2473 mu-

999 2486 1102 2520 lieres
1123 2486 1219 2520 viros
1241 2485 1354 2519 insula
1377 2485 1569 2529 expulisse,
1603 2496 1669 2521 non
1691 2485 1802 2520 inte'r-

999 2532 1135 2574 fecisse,
1159 2535 1197 2565 ut
1214 2543 1335 2566 revera
1351 2531 1528 2565 fecerantz
1552 2531 1665 2573 ἴσκεν,
1687 2529 1804 2575 ἄμαλ-

999 2577 1167 2613 δύνουσα
1191 2576 1314 2621 φόνον
1336 2575 1450 2618 τέλος,
1474 2575 1557 2611 οἷον
1579 2575 1716 2622 ἐτύχθη
1732 2575 1805 2611 Ἀν-

1000 2623 1142 2668 δρασιν.
1166 2623 1214 2657 ibi
1237 2623 1351 2657 schol.
1375 2623 1473 2658 ἰσκεν
1489 2623 1745 2677 interpretatur
1768 2622 1807 2658 ἕ·-

999 2673 1057 2715 λεγ
1060 2683 1097 2712 ε,
1129 2669 1191 2704 sed
1219 2669 1326 2703 male:
1361 2674 1415 2703 est
1445 2669 1532 2703 enim
1565 2669 1805 2711 αεείηιιιίαόατ,

999 2717 1173 2760 fingebat,
1206 2715 1452 2756 mentiebatur,
1487 2715 1624 2750 caedem
1656 2714 1803 2750 virorum

998 2770 1200 2796 extenuans.
1240 2760 1295 2794 cui
1318 2761 1448 2795 notioni
1471 2760 1590 2795 similis
1621 2767 1675 2794 est
1697 2762 1804 2803 conji-

999 2809 1112 2843 ciendi
1136 2807 1211 2841 sive
1233 2808 1452 2850 suspicandi,
1488 2817 1587 2851 quam
1609 2806 1715 2839 habet
1744 2817 1802 2851 ap

999 2853 1205 2888 Simonidem
1233 2853 1370 2889 Anthol.
1405 2852 1480 2887 Pal.
1511 2853 1546 2886 2.
1573 2862 1645 2907 Ρ.
1643 2853 1748 2887 785.
1778 2852 1801 2897 ἠ

999 2899 1063 2935 σεῦ
1104 2899 1167 2934 καὶ
1201 2897 1386 2957 φθιμένας
1415 2895 1519 2934 λενκ’
1561 2895 1671 2932 οστέα
1707 2898 1802 2944 τῷδ’

998 2945 1052 2982 ἐνὶ
1085 2944 1212 2992 τύμβῳ
1237 2943 1344 2981 'laum
1385 2943 1440 2981 ἔτι
1469 2943 1636 2990 τρομέειν
1662 2945 1804 2998 θῆρας
