1821 3288
110 115 168 156 80

746 115 1145 160 ΟΜΗΡΟΥ

170 227 251 270 105
280 226 344 277 τίς
373 223 516 270 πόθεν
543 221 605 277 εἷς
636 223 835 281 ἀνδρῶνς
862 226 970 271 πόθι
1001 244 1070 273 τοι
1099 228 1229 282 πόλις
1261 229 1347 287 ἠδὲ
1370 235 1580 289 τοκῆες,·“
1665 253 1685 288 2

328 339 438 372 genus
465 332 501 362 et
524 328 671 384 patriam
701 328 816 364 dicere
841 329 985 376 Uljsses
1008 335 1167 376 recusat,
1199 344 1243 367 ne
1266 332 1378 369 dolori
1401 334 1586 380 indulgens
1609 339 1771 374 molestus

247 373 294 409 sit
311 374 442 408 ancillis
467 381 504 409 et
525 376 591 421 ipsi
613 376 823 421 Penelopae.

334 443 450 512 Τὴν
480 441 521 486 δ’
553 441 902 516 ἀπαμειβόμενος
929 444 1131 502 προσέφη
1152 447 1403 518 πολύμητις
1427 446 1682 501 Ὀδυσσεύς·

275 500 350 551 „ni
379 499 537 570 νγύναι,
570 499 653 543 οὐκ
683 500 739 543 οἷν
772 502 836 550 τίς
866 513 913 543 σε
942 504 1117 556 βροτῶν
1147 502 1217 546 ἐπ’
1250 504 1466 558 ἀπειρονα
1495 511 1636 560 γαῖαν
1672 547 1677 555 ,

223 557 455 636 *νεικέοι-
486 553 514 611 ἧ
544 556 628 610 γάρ
660 567 736 598 σευ
766 557 893 607 κλέος
923 557 1121 611 οὐρανὸν
1151 559 1286 614 εὐρύν
1318 561 1480 614 ἱκάνει,
1667 567 1676 571 ’

223 609 386 655 *ὥστε
415 629 489 656 τευ
519 611 547 666 ἢ
580 616 787 668 βασιλῆος
816 612 1067 669 ἀμύμονος,
1098 614 1217 669 ὅστε,
1239 618 1443 686 θεουδής

162 671 244 713 110
271 668 488 723 ἀνδράσιν
522 669 571 711 ἐν
599 673 801 713 πολλοῖσι
836 671 910 714 καὶ
940 671 1194 726 ἰφθίμοισιν
1224 672 1454 728 ἀνάσσων,

271 724 467 776 εὐδικίας
500 723 697 781 ἀνέχῃσι·
717 726 884 797 φέρησι
915 727 961 771 δὲ
991 732 1094 783 γαῖα
1124 728 1310 783 μέλαινα

267 781 463 834 πυροὺς,
496 782 569 824 καὶ
597 782 778 835 κριθὰς,
809 786 992 840 βρίθησι
1022 785 1069 828 δὲ
1099 785 1284 840 δένδρεα
1312 788 1488 844 καρπῷ,

271 839 404 880 τίκτει
434 836 479 881 δ’
511 838 674 893 ε’μπεδα
700 845 837 896 μῆλα,
877 844 1083 884 θάλασσα
1113 842 1158 886 δὲ
1188 842 1366 913 παρέχει
1395 845 1545 899 ἰχθῦς.

269 893 313 946 ἐξ
343 893 609 952 εὐηγεσίης,
617 896 802 952 ἆρετωσι
832 897 879 942 δὲ
907 899 1005 942 λαοὶ
1034 896 1115 942 ὑπ’
1147 897 1300 944 αὐτοῦ.

95 1039 175 1070 την.
232 1040 269 1064 v.
292 1029 335 1063 Il.
359 1028 404 1071 κ’,
436 1032 521 1073 158,
554 1030 597 1074 τ’,
633 1034 677 1069 15
701 1038 769 1069 etc.
824 1046 908 1081 pro-

95 1075 185 1108 clive
209 1075 278 1108 fuit
301 1076 451 1110 librariis
471 1079 675 1121 permiscere
697 1081 781 1116 haec
801 1094 906 1117 voca-

94 1121 174 1154 bula
200 1128 346 1174 propter
380 1123 480 1156 simili
485 1124 634 1158 tudinem
660 1139 681 1160 ν
706 1133 741 1161 et
764 1141 787 1162 v
812 1129 906 1163 litte-

93 1178 209 1200 rarum
234 1167 268 1200 in
293 1168 414 1210 codd,
453 1169 496 1203 de
531 1182 600 1214 qua
624 1172 802 1208 Porsonus
826 1186 905 1208 ann.

93 1214 136 1246 ad
151 1214 314 1247 Orestem
334 1221 370 1248 et
388 1215 605 1249 Phoenissas
654 1218 743 1253 idem
767 1221 810 1254 ad
831 1221 904 1255 He-

93 1260 237 1302 cubam,
262 1261 363 1295 333..
399 1263 553 1302 „Omnes
576 1266 662 1307 τολμ
669 1264 714 1310 ᾇ,
746 1267 800 1299 cui
824 1267 904 1300 lite-

92 1305 200 1338 rulam
223 1305 355 1340 addidi.
402 1309 582 1343 Facillime
615 1312 705 1344 enim
728 1325 750 1346 ν
774 1314 904 1346 omitti-

91 1356 170 1392 tur,
203 1363 280 1384 cum
317 1353 353 1385 in
389 1353 493 1387 MSS.
527 1366 630 1399 saepe
665 1368 728 1399 per
767 1363 904 1394 tenuem

91 1398 255 1431 lineolam
288 1399 539 1442 signficeiztrfl
596 1413 638 1436 ea
669 1403 795 1438 lineola
829 1417 905 1439 cum

91 1444 147 1477 vel
170 1444 394 1486 evanuisset,
426 1447 481 1478 vel
506 1447 595 1481 forte
618 1450 778 1492 neglecta
801 1458 904 1493 esset,

91 1501 134 1523 ex
157 1489 329 1523 industria
345 1492 554 1526 mutaverint
579 1492 683 1536 ἅντη,
710 1497 906 1539 posuerint.-

91 1548 184 1581 que,
217 1538 310 1581 quod
339 1543 434 1571 certe
458 1550 591 1572 sensum
627 1541 793 1586 haberet,
832 1541 904 1577 αυ’-·

88 1583 159 1626 τή·
182 1584 238 1616 vel
262 1583 363 1616 etiam
389 1580 507 1628 αὕτην
530 1585 696 1630 scriptum
720 1588 903 1623 invenien-

88 1636 143 1664 tes
166 1625 262 1673 αντή
287 1629 417 1673 requiri
441 1631 505 1665 sibi
534 1635 771 1677 persuaserint
792 1634 903 1670 libra-

87 1675 134 1710 rii
156 1679 192 1708 et
216 1684 443 1710 correctores.

132 1721 214 1757 105.
262 1719 312 1763 α’,
338 1723 423 1764 170,
448 1720 492 1764 κ’,
519 1723 586 1759 325
611 1728 678 1759 etc.

133 1768 214 1809 107,
234 1768 269 1802 8.
316 1765 385 1803 ἐπ’
410 1767 652 1814 ἀπείρονα
674 1773 836 1829 γαῖαν,
860 1770 901 1808 ἒν

88 1810 261 1857 ἀπείρονι
293 1816 402 1860 γαίῃ,
436 1822 476 1849 ut
499 1815 542 1859 ρ’,
567 1818 667 1852 386.=
699 1814 807 1854 οὗτοι
828 1833 899 1864 γαρ

85 1861 216 1905 κλητοί
237 1872 274 1902 γε
306 1861 454 1905 βροτῶν
478 1860 541 1896 ἐπ’
568 1861 751 1922 ἀπείρονα
773 1870 897 1910 γαῖαν,

86 1914 124 1940 et.
144 1907 185 1941 11.
210 1905 256 1950 η’,
294 1907 395 1942 446.ε
434 1904 508 1943 Ζεῦ
530 1909 667 1954 πάτερ,
702 1907 728 1955 ἦ
761 1911 809 1953 ῥά
843 1927 899 1954 τις

85 1951 163 2012 ε’στι
181 1952 359 1997 βροτῶν
343 1951 406 1988 εντ’
425 1954 606 2000 ἀπείρονα
623 1960 747 2002 γαῖαν,
765 1957 898 2000 ‘'Osm-

86 1998 141 2033 ἔτ’
168 1999 398 2035 ἀθανάτοισι
428 2001 519 2036 νόον
554 2016 585 2037 κ
618 2006 729 2048 μῆτιν
753 2002 894 2061 ἐνίψει)-

85 2046 177 2090 quod
201 2046 286 2080 alias
312 2046 398 2080 dicit
432 2046 517 2083 κατ’
541 2048 606 2084 ἀπ.
639 2063 671 2094 γ.
682 2076 692 2092 ‚
725 2052 820 2085 velut
853 2051 896 2095 ρ’,

82 2094 164 2127 418.
187 2112 234 2116 -
267 2092 318 2126 Ε·
355 2095 549 2130 νεικέοι.
595 2095 760 2131 τουτέστι
788 2102 898 2143 φιλο-

81 2139 213 2178 νείκως
235 2138 443 2196 μέμφοιτο,
467 2139 558 2176 ἄλλα
579 2141 722 2197 δηλαδὴ
745 2142 784 2179 ἐν
808 2148 897 2180 πολ-

83 2183 133 2230 λῷ
159 2183 298 2231 ἐπαίνῳ
331 2187 431 2230 θείη.
478 2188 679 2244 sapientiam
712 2190 832 2225 laudat
855 2204 897 2225 u-

83 2231 197 2278 xoris,
236 2243 336 2277 quam
368 2232 442 2277 regi
474 2235 663 2279 praestanti
696 2243 894 2282 comparat3

82 2275 266 2321 cupitque,
302 2278 378 2322 pari
414 2291 503 2313 nunc
527 2281 616 2314 illam
641 2293 679 2315 se
703 2284 893 2327 praeditam

81 2325 265 2357 ostendere
298 2326 527 2369 temperantia
550 2328 808 2380 modestiaque,
849 2342 893 2364 ne

81 2369 242 2413 exquirat.
266 2381 328 2410 ea,
355 2371 478 2415 quibus
503 2373 729 2408 contristetur
754 2376 893 2421 hospeS,

81 2416 180 2459 cujus
216 2416 380 2461 querelae
413 2422 517 2461 atque
558 2419 818 2455 lamentationes
857 2428 894 2456 et

81 2460 147 2505 ipsi
175 2466 211 2495 et
232 2461 366 2496 ancillis
392 2464 542 2497 taedium
569 2465 639 2498 sint.
663 2466 843 2501 allaturae.

126 2509 206 2543 109.
272 2509 364 2541 locus
413 2508 636 2553 depravatus.
703 2524 779 2546 nam
814 2514 891 2557 quis

78 2554 199 2586 audiat
233 2554 304 2588 Am.
331 2555 375 2594 Q.
387 2579 398 2595 ‚
434 2556 484 2588 ita
519 2556 603 2590 haec
612 2565 890 2614 exponentem:

77 2596 120 2633 τὸ
145 2596 170 2643 ἢ
195 2597 277 2635 ἀντὶ
301 2613 368 2635 του
394 2602 491 2642 καὶ,
517 2599 566 2641 ὥς
592 2601 709 2645 εἶναι,
735 2602 889 2651 ὥσπερ

76 2646 157 2679 καί
180 2659 320 2686 τινος
341 2645 568 2704 ἀμώμουῩ
593 2650 888 2692 velEustatbium,

77 2691 139 2734 qui
162 2692 230 2725 sic:
256 2694 290 2727 εἰ
313 2691 362 2749 Be,
377 2694 424 2736 ἠν
449 2695 585 2735 εἰπεῖν,
621 2693 739 2753 aifre
763 2710 838 2733 τευ
863 2713 884 2743 η

77 2738 305 2793 βασιλῆος
337 2736 608 2783 ἀμύμονος,
642 2741 694 2787 ἠὲ
724 2745 884 2788 θεοῖο,

77 2781 169 2818 ἀλλὰ
190 2785 303 2820 τοῦτο
326 2786 418 2829 μέγα
443 2788 503 2829 (h.
525 2799 555 2821 e.
583 2756 723 2844 δεινὸν)
746 2792 887 2833 κρίνας,

76 2841 110 2862 κ.
137 2827 206 2864 οὐδ
209 2829 226 2864 ὲ
265 2831 333 2874 ἕξω
367 2835 560 2874 κολακείας
591 2833 769 2878 α’καίρον,
811 2834 886 2881 οἶφ-

75 2876 141 2919 ῆκε
177 2875 245 2914 μὲν
287 2876 385 2913 οὕτω
423 2882 599 2921 ποιῆσαι,
644 2880 811 2927 ’ἠγάπησε
843 2881 884 2919 δὲ

73 2924 282 2965 παραμίξαι
304 2926 354 2967 τῷ
380 2923 514 2971 ἀγαθῷ
538 2928 682 2994 βασιλεῖ
702 2928 769 2963 τόν
791 2929 885 2965 θεὸν

75 2966 117 3002 ἐν
139 2970 191 3003 τῶ
215 2968 316 3005 ὅστε
340 2963 612 3018 θεουδής(’
622 2973 670 3018 ).2
716 2975 782 3011 imo
807 2976 883 3018 hoc,

953 1033 988 1069 ni
1013 1034 1136 1077 fallor,
1170 1034 1261 1070 dixit
1285 1036 1409 1080 poeta:
1444 1031 1535 1071 ὥστ’
1570 1035 1674 1073 ἐτεόν
1697 1038 1765 1084 βα·
1802 1026 1807 1029 ³

953 1081 1077 1123 σιλῆος
1102 1078 1316 1124 αμύμονος,
1336 1081 1358 1113 i.
1381 1094 1410 1116 e.
1436 1081 1539 1118 ἐτεὸν
1557 1082 1763 1126 ἀμύμονος,

952 1139 1033 1161 vere
1055 1129 1305 1184 irreprehensi,
1337 1138 1421 1161 vere
1452 1129 1574 1173 probi3
1610 1131 1665 1163 vel
1701 1143 1763 1175 po-

952 1174 1044 1214 tius,
1070 1175 1228 1217 quoniam
1254 1172 1410 1217 ἀμνμων
1435 1180 1487 1208 est
1506 1187 1547 1211 ex
1567 1175 1609 1208 iis
1628 1176 1764 1220 epithe-

951 1219 1020 1260 tis,
1057 1230 1145 1263 quae
1168 1221 1243 1253 fere
1269 1231 1334 1253 non
1353 1224 1434 1253 sunt
1458 1221 1600 1264 proprie
1633 1222 1763 1256 intelli-

950 1264 1083 1308 genda,
1108 1264 1168 1299 sed
1193 1266 1394 1319 dignitatem
1418 1265 1636 1310 significant,
1662 1266 1766 1303 ε’τεὸν

950 1313 1143 1364 βασιλῆος,
1188 1323 1268 1345 vere
1299 1312 1414 1356 regist,
1455 1314 1490 1346 h.
1515 1324 1546 1346 e.
1576 1312 1677 1356 ejus,
1704 1315 1764 1359 qui

950 1368 1011 1391 rex
1036 1357 1102 1398 sit,
1126 1358 1396 1402 reprehensione
1430 1368 1576 1399 carens,
1611 1370 1675 1402 nec
1699 1372 1762 1394 no-

951 1404 1040 1436 mine
1073 1408 1204 1437 tantum
1240 1404 1337 1448 regis
1368 1403 1574 1461 appellatus.
1623 1412 1762 1450 potent

951 1448 986 1481 id
1016 1460 1082 1482 uno
1118 1451 1226 1484 verbo
1259 1449 1376 1483 dicere
1408 1449 1690 1504 ἐτεοβασιλῆος,
1722 1458 1760 1486 ut

949 1492 1179 1538 Ετεονρητες
1193 1495 1339 1529 inferius
1361 1497 1439 1538 176,
1459 1496 1518 1529 ubi
1542 1508 1575 1533 v.
1595 1503 1761 1533 annotata

950 1541 993 1575 ab
1020 1541 1228 1583 Eustathio‚
1247 1540 1536 1587 Ἐτεοβουτάδαι
1559 1554 1615 1587 ap.
1639 1543 1759 1579 Schol.

949 1587 1189 1631 Aristophanis
1240 1588 1529 1630 Concion.18.,
1576 1587 1760 1632 ἐτεοδμως

948 1633 1040 1677 apud
1064 1633 1294 1678 Hesychium,
1319 1632 1534 1678 ἐτεόκριθον
1557 1646 1612 1692 ap.
1637 1635 1761 1670 Theo-

947 1679 1150 1724 phrastum;
1181 1680 1243 1713 sed
1267 1681 1354 1714 bene
1376 1692 1415 1714 se
1439 1682 1544 1714 habet
1566 1679 1670 1716 ετεόν
1691 1683 1760 1726 βα-

947 1726 1092 1769 σιλῆος,
1126 1725 1302 1759 intellecto
1325 1725 1457 1768 ὄντος,
1493 1727 1589 1770 cujus
1612 1729 1761 1772 partici-

947 1771 996 1814 pii
1033 1768 1178 1816 ellipsin
1201 1772 1295 1805 haud
1328 1772 1496 1806 insolitam
1537 1773 1759 1808 illustrarunt

946 1817 1075 1851 Matth.
1102 1820 1132 1859 §-
1144 1819 1224 1853 563.
1249 1822 1284 1851 et
1301 1817 1540 1853 Grammatici.
1549 1837 1595 1845 —
1617 1821 1756 1856 θεον·

947 1862 1039 1907 δής.
1086 1864 1175 1904 364.
1199 1861 1241 1906 ζ’,
1268 1866 1348 1899 121.

992 1889 1200 1945 111—11'4.
1271 1907 1521 1955 εὐδικίας,
1572 1908 1752 1959 εὖδικίην,

944 1959 983 1989 ut
1015 1954 1170 1999 ἀγλαΐας
1203 1960 1271 1990 etc.
1314 1969 1347 1994 v.
1379 1969 1458 1994 ann.
1493 1957 1538 1992 ad
1573 1961 1631 1994 82.
1676 1962 1754 1996 Am.

941 2002 991 2034 B:
1027 2004 1174 2043 δικαίας
1205 2004 1352 2047 xps-rme
1398 2003 1441 2039 τὸ
1476 2002 1517 2039 δὲ
1547 2002 1759 2052 ἀνέχῃσι

945 2047 1035 2090 (sic,
1069 2053 1108 2082 ut
1130 2049 1235 2092 vulgo
1270 2050 1347 2083 libri
1371 2054 1406 2084 et
1432 2051 1484 2092 Ε,
1518 2050 1580 2084 sed
1602 2052 1679 2086 ΑΜ.
1702 2054 1751 2095 3.,

944 2094 1088 2139 steph„
1115 2095 1295 2139 Bergler„
1320 2097 1378 2137 W,
1402 2097 1450 2130 B:
1485 2094 1654 2142 οἷνέχησι,
1683 2099 1752 2142 φέ-

943 2151 1046 2183 ρησι,
1080 2142 1243 2197 βρίθησι.
1290 2153 1324 2176 v.
1349 2122 1389 2176 ll.
1412 2141 1451 2184 ε’,
1476 2145 1520 2184 6,
1555 2144 1684 2179 Matth.
1715 2147 1751 2188 ἓ.

944 2188 1022 2227 195,
1047 2187 1101 2230 7.)
1129 2185 1250 2229 αὔξει,
1274 2187 1431 2233 ἀνυψοῖ.
1456 2207 1500 2215 —-
1532 2189 1750 2236 βρίθῃσι,

939 2239 1123 2276 gravatur,
1149 2235 1323 2268 exuberat.
1373 2235 1410 2276 ι’,
1433 2236 1501 2271 219
1525 2242 1592 2270 etc.
1617 2256 1663 2262 —
1686 2240 1752 2273 τί·

940 2279 1107 2314 κτειδ’
1132 2279 1470 2325 ἕμπεδαμῆλα.
1518 2283 1625 2316 ordo:
1649 2283 1750 2329 μῆλα

939 2323 980 2359 δὲ
1014 2339 1046 2359 τ.
1081 2325 1239 2369 ἔμπεδα,
1273 2329 1486 2372 pecudesque
1514 2331 1660 2372 pariunt
1691 2342 1750 2364 ro·

939 2372 1058 2413 busta,
1092 2373 1124 2407 h.
1162 2386 1192 2407 e.
1224 2374 1398 2408 robustam
1431 2375 1507 2407 sive
1545 2374 1746 2411 incolumem

938 2418 1078 2461 prolem.
1120 2425 1274 2453 maturos
1295 2426 1418 2463 partus
1441 2419 1542 2453 simili
1565 2431 1664 2455 sensu
1689 2422 1745 2456 di-

938 2464 988 2497 xit
1020 2465 1184 2499 Horatius
1216 2477 1318 2499 carm.
1354 2478 1423 2500 sec,
1448 2467 1504 2500 13.
1551 2466 1601 2500 E:
1634 2467 1675 2504 τὸ
1703 2467 1745 2504 δὲ

937 2508 1120 2552 ἔμπεδα
1155 2512 1354 2547 διαστέλλει
1386 2511 1454 2568 τήν
1490 2510 1645 2568 ἀγαθήν
1665 2514 1745 2558 γέν-

935 2568 1043 2600 νησιν
1068 2570 1142 2592 των
1171 2557 1297 2603 μήλων
1329 2556 1423 2616 πρὸς
1454 2557 1501 2592 τὰ
1535 2558 1742 2617 ἀμβλούμε-

935 2613 1004 2636 να·
1039 2601 1160 2639 ἐκεῖνα
1200 2605 1269 2649 γάρ
1305 2607 1428 2639 πίπτει
1461 2606 1575 2648 νεκροὶ
1608 2620 1640 2642 κ.
1675 2607 1744 2653 οὐχ

936 2647 1019 2690 οἷα,
1050 2651 1141 2706 περὶ
1166 2652 1233 2694 γῆν
1265 2650 1447 2692 πεσόντα,
1490 2656 1570 2687 εἱτα
1603 2651 1742 2695 ἔμπεδα

933 2695 1072 2731 στάντα
1121 2693 1360 2743 ὑποσκιρτᾷν.
1424 2697 1543 2732 maluit
1588 2698 1742 2734 Rhiauus

934 2741 1094 2784 α’σπετα,
1135 2744 1225 2787 quod
1267 2743 1420 2778 reddidit.
1452 2744 1574 2778 Voss.·
1616 2745 1748 2791 hazifigx

931 2789 1070 2833 gebiert
1092 2789 1181 2823 auch
1205 2791 1270 2823 das
1301 2790 1390 2825 vieh.
1429 2809 1472 2815 —
1503 2791 1605 2824 Seli-2
1637 2792 1741 2836 ευη-

931 2836 1109 2879 γεσίης.
1154 2836 1222 2877 τῆς
1247 2835 1495 2876 εὐδαιμονίας.
1543 2833 1567 2880 ἢ
1591 2838 1656 2882 τῆς
1681 2838 1740 2874 εὖ*

931 2880 1204 2924 αρχίας,παρα
1234 2883 1276 2918 τὸ
1313 2896 1351 2918 ευ
1391 2880 1573 2927 ἡγεῖσθαι.
1619 2896 1740 2925 κακᾶς

932 2926 970 2961 δ’
997 2927 1032 2962 οἱ
1058 2939 1125 2962 συν
1149 2929 1202 2972 τῷ
1227 2943 1246 2974 ρ
1268 2928 1472 2985 γράφοντες
1497 2929 1554 2972 (ut
1575 2929 1649 2966 Am.
1671 2932 1738 2974 Q.)

930 2972 1223 3020 ενηργεσίης.
1270 2978 1375 3011 Α..;2
1399 2973 1625 3019 εὐεργασίης.
1672 2977 1738 3011 ali-
