1821 3288
122 134 207 176 166

511 133 811 177 ΟΜΗΡΟΥ
865 136 1292 179 ΟΔΤΣΣΕΙΛΣ
1348 139 1406 179 Φ.
1420 133 1426 143 ’

292 240 468 311 πρώτης
497 240 726 314 στειλειῆς,
757 244 828 289 διοὶ
860 243 904 289 δ’
936 245 1124 301 ἀμπερὲς
1151 242 1260 304 ἦλθε
1287 241 1454 302 θύραζε

294 298 361 351 ἰὸς
388 302 674 358 χαλκοβαρής.

734 300 758 346 ὁ
790 303 836 346 δὲ
869 304 1120 360 Τηλέμαχον
1149 304 1400 359 προσέειπε

621 404 759 449 Ulyssis
783 404 826 438 ad
851 405 954 439 filium
978 406 1090 441 oratio
1115 406 1285 451 ambigua.

375 470 634 539 ,,Τηλε’μαχ’,
668 471 725 515 οὕ
754 472 801 514 6’
831 471 854 516 6
886 474 1026 525 ξεῖνος
1055 475 1118 518 ἐνὶ
1148 475 1407 544 μεγάροισιν
1433 473 1592 559 έλέγχιζει

180 526 264 570 425
293 524 476 581 ἥμενος·
512 527 614 571 οὐὸέ
643 544 684 571 τι
713 532 797 571 τοῦ
828 534 998 573 σκοποῦ
1028 530 1276 586 ἤμβροτον,
1305 530 1421 574 ου’δέ
1438 547 1479 572 τι
1509 532 1639 583 τόξον

293 585 375 639 δὴν
405 585 569 639 ε’καμον
598 601 677 626 ται
684 583 786 627 ύων.

845 585 905 628 έτι
935 603 1009 654 μοι
1038 589 1168 641 μέιος
1202 587 1387 641 ἔμπεδόν
1415 587 1559 641 ἐστιν,

295 640 374 696 οὐχ
405 641 463 692 ὥς
493 657 543 694 με
573 648 811 696 μνηστῆρες
840 641 1119 696 ἀτιμάζοντες
1149 643 1340 687 ὄνονται.

291 701 375 740 νῦν
406 697 449 739 6’
483 697 597 767 ὤρη,
629 698 704 740 καὶ
735 698 902 752 δόρπον
929 698 1167 770 Ἀγαιοῖσιν
1190 700 1445 742 τετυκέσθαι

290 752 338 795 ἐν
368 752 495 808 φάει,
530 753 669 825 αὐτάρ
700 755 844 798 ἔπειτα
873 757 947 799 καὶ
977 743 1119 807 άλλως
1148 755 1387 807 ἑψιάασθαι

179 810 263 854 430
292 813 461 866 μολπῆ,
492 811 568 854 καὶ
595 811 831 868 φόρμιγγι·
862 829 914 856 τα
944 813 1028 869 γάρ
1058 812 1095 857 τ’
1127 811 1392 869 ἀναθήματα
1421 811 1606 864 δαιτός.“

342 924 409 957 qua
435 913 558 950 audita
580 914 831 959 Telemachus,
855 927 938 950 ense
960 916 1112 959 cinctus,
1141 915 1307 961 hastaque
1331 918 1492 962 arrepta,
1514 914 1675 961 consistit
1697 907 1780 961 pto-

259 970 306 1004 pe
329 965 475 1012 patrqm.

362 1023 444 1077 H,
475 1028 548 1071 καὶ
576 1020 640 1072 ἐπ’
673 1027 842 1084 ὀφρύσι
870 1032 1048 1073 νεῦσεν·
1082 1029 1106 1074 ὁ
1138 1029 1184 1074 δ’
1215 1029 1436 1085 ἀμφέθετο
1471 1029 1597 1085 ξίφος
1627 1027 1704 1082 ὀξύ

295 1084 566 1155 Τηλέμαχος,
598 1086 725 1141 φίλος
754 1086 852 1136 υἷος
880 1085 1066 1129 Ὀδυσσ
1041 1104 1117 1143 ηος
1145 1088 1312 1138 θείοιο,

291 1138 427 1195 ἀμφὶ
435 1143 480 1184 δὲ
510 1146 632 1197 χεῖρα
662 1144 794 1209 φίλην
825 1141 957 1197 βάλεν
985 1143 1118 1198 ἔγχει,
1149 1143 1244 1199 α’γχι
1278 1141 1323 1187 δ’
1355 1140 1432 1196 ἄρ’
1464 1138 1603 1188 αὐτοῦ’

291 1197 381 1253 πὰρ
411 1197 583 1252 θρόνον
614 1197 803 1258 εστήκει,
832 1199 1156 1256 κεκορυθμένος
1187 1202 1344 1247 αἴθοπι
1372 1201 1529 1258 χαλκῷ.

119 1343 189 1380 556
229 1348 298 1379 etc.
343 1363 389 1370 -—
422 1328 508 1379 Sch.
554 1346 705 1384 emenda
747 1346 932 1406 22:906an

119 1391 375 1434 στειλειῆς.
432 1391 508 1427 α’·πὸ
546 1406 693 1440 πρωτης
707 1408 802 1451 γαρ
837 1393 932 1438 σ’πῆς

119 1437 194 1471 τῶν
240 1436 419 1472 πελέκεων
468 1439 646 1482 διηνεκῶς
695 1435 823 1496 ἦλθεν.
880 1441 932 1474 E:

120 1483 329 1527 στειλειή
355 1481 436 1542 ὀπὴ
452 1484 648 1527 πελέκεως,
683 1487 735 1528 εἰς
769 1483 816 1531 ἣν
843 1485 932 1521 ἐνεί-

119 1542 242 1574 ρεται,
279 1529 395 1574 ἤγουν
420 1529 655 1576 ἐμβάλλεται,
690 1533 834 1574 στελεός
863 1537 930 1571 etc.

119 1586 155 1610 v>
172 1575 221 1618 ;ε’,
249 1577 330 1611 ⁶236.
378 1588 443 1610 non
478 1577 513 1610 id
552 1579 707 1612 foramen
739 1585 827 1613 mmo
852 1579 932 1620 dici,

119 1622 183 1657 sed
216 1621 308 1656 aliud
343 1623 493 1667 ipsarum
533 1624 702 1658 securium
746 1637 928 1669 καταχρη-

120 1667 273 1710 στικῶς,
318 1668 502 1702 ostendere
550 1669 687 1703 studuit
730 1682 842 1705 comes
885 1671 929 1703 de

110 1714 271 1758 :Cayluffi
303 1715 403 1768 cujus
420 1716 493 1748 hac
519 1714 562 1747 de
594 1727 632 1748 re
663 1716 929 1762 disputationem

120 1772 155 1794 v.
181 1771 259 1794 ann.
287 1761 331 1793 ad
356 1758 400 1800 τ’,
422 1762 502 1795 573.
535 1773 622 1805 quae
646 1763 735 1796 ratio
772 1774 837 1796 non
871 1773 930 1795 ca-

120 1810 179 1841 ret.
208 1806 347 1850 quidem
381 1806 609 1849 difficultate-4
650 1810 713 1842 sed
748 1808 930 1843 videndum

122 1858 188 1894 est,
212 1864 265 1893 ne,
291 1852 477 1886 Eustathio
503 1853 749 1898 auscultantes,
775 1854 929 1899 eScylla

121 1898 159 1933 in
184 1898 389 1944 Charybdin
412 1898 620 1940 incidamus,
645 1901 773 1946 quippe
797 1907 866 1934 tum
891 1911 931 1933 eo

124 1945 282 1985 redacti,
324 1950 366 1978 ut
407 1956 546 1978 secuxes
585 1925 829 2002 i6telligendae
863 1946 933 1979 sint

125 1969 304 2024 manubni’a
328 1991 496 2024 securium
522 1992 600 2032 120,
623 1990 665 2034 τ’,
689 1995 769 2029 573.
792 1996 827 2026 et
850 1993 931 2032 578,

125 2048 203 2071 cum
226 2035 342 2080 θέμεν
366 2037 566 2091 σίδηρον
590 2017 684 2073 ’dicat
707 2041 770 2079 81,
796 2042 832 2072 et
856 2038 934 2071 διο-

126 2082 286 2118 ϊστεύειν
321 2081 531 2139 σίδήρον
564 2085 621 2119 97.
669 2085 817 2137 aliisque
840 2082 935 2118 locis.

124 2128 280 2164 -διτὶ
306 2125 346 2162 δ’
372 2127 594 2173 ἆμπερές.
634 2129 752 2163 tmesis
787 2141 849 2185 pro
881 2130 937 2163 δι·-

127 2187 284 2218 αμπερες
308 2172 360 2209 δέ.
385 2196 431 2202 --
464 2186 600 2211 rursum
626 2176 676 2209 E:
708 2174 778 2218 ὅροι
810 2173 850 2209 δε
874 2173 937 2208 καὶ

114 2223 198 2257 ’νῦν
231 2223 296 2277 (ut
318 2218 356 2262 ε’,
388 2221 469 2262 410,
493 2219 542 2263 μ,
577 2221 644 2255 254
668 2224 752 2266 etc.)
786 2221 825 2257 τὸ
859 2220 936 2256 θύ-

127 2268 236 2312 ραζε
274 2265 358 2302 ἀντὶ
381 2268 449 2302 τοῦ
481 2265 606 2307 ἁπλῶς
640 2266 720 2310 εᾛξω
754 2286 799 2292 -
835 2267 937 2300 Seu:

128 2311 449 2370 χαλκοβαρής.
498 2314 565 2367 (ΙΙ.
590 2310 634 2354 θ’,
659 2313 758 2357 465.)
806 2310 825 2348 ὁ
861 2311 936 2346 απὸ

129 2359 285 2404 σιδήρου
311 2359 475 2403 215vach
523 2357 558 2393 α’
560 2384 572 2402 ,
605 2360 704 2397 262:
737 2359 822 2401 ἰούς
842 2360 938 2405 χρίε-

130 2409 225 2443 σθαι
259 2404 472 2452 χαλκήρεας.

178 2499 250 2539 424
274 2521 320 2530 -
342 2499 424 2540 434.
472 2498 662 2548 ἐλέγχει.
708 2497 940 2548 α’ποδοκιμά-

977 1349 1040 1392 ζει.
1095 1349 1163 1394 Ap.
1200 1346 1353 1383 emend-2
1386 1344 1588 1391 ἐλέγξῃς.
1642 1344 1708 1390 (ΙΙ.
1744 1340 1784 1386 ι’,

977 1395 1064 1451 518)
1096 1393 1228 1439 ἐλέγχει
1261 1393 1478 1452 περιβάλῃς,
1517 1392 1654 1428 ὀνείδει
1680 1403 1785 1449 περι-

977 1438 1102 1487 βοίλης.
1116 1461 1162 1466 —
1186 1442 1235 1475 E.-
1262 1439 1470 1477 όνονται
1493 1436 1549 1483 (ε’,
1572 1438 1669 1481 378),
1693 1439 1784 1481 μέμ-

977 1500 1133 1529 φονται,
1175 1485 1446 1541 ἐκφανλίζουσι.
1492 1497 1526 1518 v.
1559 1483 1603 1526 6',
1633 1485 1713 1521 361.
1737 1501 1784 1510 —-

978 1535 1081 1568 sch:
1106 1534 1189 1567 νῦν
1213 1552 1256 1559 -
1282 1532 1478 1576 δόρπον.
1510 1529 1678 1574 παρέλκει
1701 1530 1784 1587 (de-

979 1579 1082 1624 cipit,
1109 1578 1258 1625 deludit)
1282 1578 1349 1622 τήν
1373 1578 1548 1614 διάνοιαν
1552 1576 1704 1631 vah.
1735 1574 1780 1612 τὸ

974 1638 1040 1669 μεν
1079 1625 1148 1660 οὐν
1182 1626 1334 1661 δεῖπνον
1375 1623 1457 1660 ἀντὶ
1497 1623 1567 1660 τοῦ
1597 1622 1784 1666 θανάτου,

974 1671 1018 1706 τό
1056 1670 1095 1706 δε
1129 1669 1412 1708 εώιοὶασθαι
1448 1666 1530 1706 α’ντι
1568 1670 1637 1704 τοῦ
1669 1667 1783 1712 οἰμώ-

976 1720 1060 1760 ζειν.
1108 1717 1156 1750 E:
1181 1736 1225 1742 —
1251 1719 1356 1752 δοκεῖ
1377 1729 1444 1760 μεν
1466 1715 1536 1760 γὰρ
1556 1716 1674 1750 εἰπεῖν
1690 1713 1782 1758 Ὀδ.,

976 1763 1033 1799 ὅτι
1055 1762 1184 1806 καιρὸς
1216 1767 1295 1804 τοῖς
1322 1762 1526 1819 μνηστῆρσι
1544 1762 1612 1797 τοῦ
1636 1763 1784 1818 δορπῆ-

978 1823 1039 1845 σαι
1062 1822 1095 1845 u.
1117 1808 1269 1849 παῖξαι·
1302 1808 1395 1853 λέγει
1429 1807 1469 1843 δὲ
1502 1805 1620 1848 αλλως
1643 1805 1696 1843 δι’
1721 1807 1784 1851 ἐμ-

978 1856 1145 1900 φάσεως,
1181 1853 1238 1891 ότι
1261 1854 1388 1898 καιρός
1411 1852 1509 1889 εστιν
1533 1852 1621 1898 ἡμῖν
1653 1852 1784 1899 τάχιόν

977 1915 1016 1938 τε
1039 1903 1223 1945 δορπῆσαι
1247 1900 1421 1936 ἀνελοῦσι
1443 1913 1532 1937 τους
1559 1902 1785 1945 μνηστῆρας,

978 1963 1011 1984 κ.
1040 1947 1154 1988 αλλως
1178 1947 1217 1983 δε
1241 1947 1464 1992 τερφθῆναι.
1510 1942 1532 1982 δ
1553 1947 1614 1982 καὶ
1630 1948 1785 2007 γίνεται·

978 1994 1177 2030 θανόντων
1200 2008 1271 2038 γαρ
1297 1995 1370 2029 τῶν
1391 1992 1611 2049 μνηστήρων
1636 1990 1788 2038 λαμπροὶ

981 2038 1116 2084 εὐωχία
1140 2042 1295 2074 τελεῖται
1318 2041 1410 2084 μετά
1432 2052 1470 2075 τε
1495 2037 1626 2083 ἀοιδῆς
1657 2053 1689 2075 κ.
1713 2053 1786 2083 φι-

981 2088 1309 2129 λοπαίγμονος
1368 2086 1637 2142 ὀρχηθμοῖο
1703 2086 1785 2130 (ψ’,

984 2132 1062 2169 134.
1087 2144 1119 2166 v.
1145 2137 1251 2166 totum
1275 2132 1367 2165 illum
1390 2132 1544 2174 locum.)
1569 2129 1619 2172 ὥς
1641 2131 1703 2167 καὶ
1722 2134 1786 2169 δο-

983 2182 1060 2213 κεῖν
1083 2181 1161 2217 τοῖς
1184 2177 1358 2213 ἔκτοσθεν
1385 2175 1565 2213 ἀκούουσι
1585 2177 1707 2221 γάμον
1733 2176 1786 2214 εἷ-

982 2238 1046 2260 ναι
1067 2226 1184 2259 ταῦτα
1208 2225 1273 2267 τῆς
1301 2222 1528 2280 Πηνελόπης.
1551 2243 1597 2262 ,-
1628 2222 1677 2259 ἐν
1702 2238 1786 2269 φα-

984 2283 1043 2312 ει,
1066 2273 1103 2304 ιἰι
1127 2272 1200 2304 luce
1223 2271 1280 2314 (ΙΙ.
1298 2268 1343 2313 ρ’,
1365 2270 1465 2313 647),
1490 2270 1512 2303 i.
1539 2281 1571 2303 e.
1593 2271 1786 2314 manifesto,

984 2318 1130 2362 publice.
1172 2317 1237 2350 hoc
1261 2328 1396 2360 quoque
1420 2316 1628 2357 εἰρωνικῶς.
1642 2336 1687 2342 -
1711 2320 1786 2353 Am.

985 2363 1050 2403 Q.:
1089 2361 1372 2405 εψιᾶασθαι-
1421 2360 1487 2406 (ρ’,
1524 2363 1612 2406 530)
1645 2364 1788 2406 παῖξαι.

985 2409 1088 2443 Βοὴ·
1121 2408 1334 2452 τέρπεσθαι.
1362 2427 1406 2433 —-
1441 2409 1596 2454 μολπῇ
1620 2428 1665 2434 -
1689 2409 1788 2446 δαι-

982 2455 1074 2496 τός.
1123 2453 1414 2497 cf.a‘,152.—
1452 2466 1605 2502 κεκορ.
1628 2468 1665 2492 α.
1685 2458 1788 2502 καλ-

983 2502 1058 2549 κᾳῒ.
1104 2500 1146 2537 11.
1169 2500 1216 2545 δ’,
1239 2501 1321 2543 495,
1346 2498 1387 2543 ε’,
1409 2500 1478 2539 562
1501 2505 1570 2536 etc.
