<?xml version="1.0" encoding="UTF-8"?>
<!DOCTYPE html PUBLIC "-//W3C//DTD XHTML 1.0 Transitional//EN"
    "http://www.w3.org/TR/xhtml1/DTD/xhtml1-transitional.dtd">
<html xmlns="http://www.w3.org/1999/xhtml" xml:lang="en" lang="en">
 <head>
  <title>
</title>
<meta http-equiv="Content-Type" content="text/html;charset=utf-8" />
  <meta name='ocr-system' content='tesseract 3.04.00' />
  <meta name='ocr-capabilities' content='ocr_page ocr_carea ocr_par ocr_line ocrx_word'/>
</head>
<body>
  <div class='ocr_page' id='page_1' title='image "./carmina05home/carmina05home_0031.png"; bbox 0 0 1821 3251; ppageno 0'>
   <div class='ocr_carea' id='block_1_1' title="bbox 527 62 1213 110">
    <p class='ocr_par' dir='ltr' id='par_1_1' title="bbox 527 62 1213 110">
     <span class='ocr_line' id='line_1_1' title="bbox 527 62 1213 110; baseline -0.006 0"><span class='ocrx_word' id='word_1_1' title='bbox 527 62 1108 110; x_wconf 76' lang='grc' dir='ltr'><em>ΟΔΤΣΣΕΙΑΣ</em></span> <span class='ocrx_word' id='word_1_2' title='bbox 1158 66 1213 107; x_wconf 88' lang='grc' dir='ltr'><strong><em>Ρ.</em></strong></span> 
     </span>
    </p>
   </div>
   <div class='ocr_carea' id='block_1_2' title="bbox 1649 69 1707 109">
    <p class='ocr_par' dir='ltr' id='par_1_2' title="bbox 1649 69 1707 109">
     <span class='ocr_line' id='line_1_2' title="bbox 1649 69 1707 109; baseline 0 0"><span class='ocrx_word' id='word_1_3' title='bbox 1649 69 1707 109; x_wconf 77' lang='grc'><strong><em>29</em></strong></span> 
     </span>
    </p>
   </div>
   <div class='ocr_carea' id='block_1_3' title="bbox 206 170 1540 415">
    <p class='ocr_par' dir='ltr' id='par_1_3' title="bbox 206 170 1455 293">
     <span class='ocr_line' id='line_1_3' title="bbox 206 170 1455 252; baseline -0.002 -28.976"><span class='ocrx_word' id='word_1_4' title='bbox 206 180 387 252; x_wconf 58' lang='grc' dir='ltr'><strong><em>ἰζ’γαγεςς</em></strong></span> <span class='ocrx_word' id='word_1_5' title='bbox 417 174 449 234; x_wconf 83' lang='grc' dir='ltr'><em>ἧ</em></span> <span class='ocrx_word' id='word_1_6' title='bbox 479 176 561 233; x_wconf 77' lang='grc' dir='ltr'><strong><em>οὐχ</em></strong></span> <span class='ocrx_word' id='word_1_7' title='bbox 591 176 688 227; x_wconf 76' lang='grc' dir='ltr'><strong><em>ἅλις</em></strong></span> <span class='ocrx_word' id='word_1_8' title='bbox 721 170 827 231; x_wconf 80' lang='grc' dir='ltr'><strong><em>ἧμιν</em></strong></span> <span class='ocrx_word' id='word_1_9' title='bbox 853 173 1073 230; x_wconf 80' lang='grc' dir='ltr'><strong><em>αλήμονές</em></strong></span> <span class='ocrx_word' id='word_1_10' title='bbox 1103 175 1186 217; x_wconf 80' lang='grc' dir='ltr'><strong><em>εἶσι</em></strong></span> <span class='ocrx_word' id='word_1_11' title='bbox 1213 175 1289 219; x_wconf 85' lang='grc' dir='ltr'><strong><em>καὶ</em></strong></span> <span class='ocrx_word' id='word_1_12' title='bbox 1319 175 1455 232; x_wconf 76' lang='grc' dir='ltr'><strong><em>ἄλλοι,</em></strong></span> 
     </span>
     <span class='ocr_line' id='line_1_4' title="bbox 209 232 1205 307; baseline -0.008 -26"><span class='ocrx_word' id='word_1_13' title='bbox 209 237 372 307; x_wconf 83' lang='grc' dir='ltr'><strong><em>πτωχοὶ</em></strong></span> <span class='ocrx_word' id='word_1_14' title='bbox 407 234 594 305; x_wconf 76' lang='grc' dir='ltr'><strong><em>ἀνιηροὶ,</em></strong></span> <span class='ocrx_word' id='word_1_15' title='bbox 630 236 796 276; x_wconf 78' lang='grc' dir='ltr'><strong><em>δαιτῶν</em></strong></span> <span class='ocrx_word' id='word_1_16' title='bbox 826 232 1205 299; x_wconf 60' lang='grc' dir='ltr'><strong><em>ἄπολυμαντηρξςς</em></strong></span> 
     </span>
    </p>

    <p class='ocr_par' dir='ltr' id='par_1_4' title="bbox 210 288 1332 347">
     <span class='ocr_line' id='line_1_5' title="bbox 210 288 1332 347; baseline -0.006 -10"><span class='ocrx_word' id='word_1_17' title='bbox 210 293 238 347; x_wconf 79' lang='grc' dir='ltr'><em>ἢ</em></span> <span class='ocrx_word' id='word_1_18' title='bbox 271 295 442 344; x_wconf 84' lang='grc' dir='ltr'><strong><em>ὄνοσαι,</em></strong></span> <span class='ocrx_word' id='word_1_19' title='bbox 474 292 541 334; x_wconf 82' lang='grc' dir='ltr'><strong><em>ὅτι</em></strong></span> <span class='ocrx_word' id='word_1_20' title='bbox 570 306 640 333; x_wconf 88' lang='grc' dir='ltr'><strong><em>τοι</em></strong></span> <span class='ocrx_word' id='word_1_21' title='bbox 668 291 822 345; x_wconf 86' lang='grc' dir='ltr'><strong><em>βίοτον</em></strong></span> <span class='ocrx_word' id='word_1_22' title='bbox 850 290 1109 331; x_wconf 79' lang='grc' dir='ltr'><strong><em>κατέδουσιν</em></strong></span> <span class='ocrx_word' id='word_1_23' title='bbox 1141 288 1332 339; x_wconf 81' lang='grc' dir='ltr'><strong><em>ἄνακτος</em></strong></span> 
     </span>
    </p>

    <p class='ocr_par' dir='ltr' id='par_1_5' title="bbox 211 344 1540 415">
     <span class='ocr_line' id='line_1_6' title="bbox 211 344 1540 415; baseline -0.005 -21"><span class='ocrx_word' id='word_1_24' title='bbox 211 349 372 394; x_wconf 75' lang='grc' dir='ltr'><strong><em>ἐνθάδ’</em></strong></span> <span class='ocrx_word' id='word_1_25' title='bbox 404 346 753 415; x_wconf 72' lang='grc' dir='ltr'><strong><em>ἀγειρόμενοιςο</em></strong></span> <span class='ocrx_word' id='word_1_26' title='bbox 731 346 786 388; x_wconf 84' lang='grc' dir='ltr'>σύ</span> <span class='ocrx_word' id='word_1_27' title='bbox 819 347 865 389; x_wconf 80' lang='grc' dir='ltr'><strong><em>δὲ</em></strong></span> <span class='ocrx_word' id='word_1_28' title='bbox 894 346 967 389; x_wconf 82' lang='grc' dir='ltr'><strong><em>καὶ</em></strong></span> <span class='ocrx_word' id='word_1_29' title='bbox 995 345 1096 388; x_wconf 86' lang='grc' dir='ltr'><strong><em>ποτὶ</em></strong></span> <span class='ocrx_word' id='word_1_30' title='bbox 1128 344 1256 388; x_wconf 85' lang='grc' dir='ltr'><strong><em>τόνδε</em></strong></span> <span class='ocrx_word' id='word_1_31' title='bbox 1285 344 1540 397; x_wconf 80' lang='grc' dir='ltr'><strong><em>κάλεσσας“</em></strong></span> 
     </span>
    </p>
   </div>
   <div class='ocr_carea' id='block_1_4' title="bbox 98 413 181 454">
    <p class='ocr_par' dir='ltr' id='par_1_6' title="bbox 98 413 181 454">
     <span class='ocr_line' id='line_1_7' title="bbox 98 413 181 454; baseline -0.012 0"><span class='ocrx_word' id='word_1_32' title='bbox 98 413 181 454; x_wconf 85' lang='grc'><strong>380</strong></span> 
     </span>
    </p>
   </div>
   <div class='ocr_carea' id='block_1_5' title="bbox 301 401 1534 474">
    <p class='ocr_par' dir='ltr' id='par_1_7' title="bbox 301 401 1534 474">
     <span class='ocr_line' id='line_1_8' title="bbox 301 401 1534 474; baseline -0.002 -25"><span class='ocrx_word' id='word_1_33' title='bbox 301 406 392 449; x_wconf 79' lang='grc' dir='ltr'><strong><em>Τόν</em></strong></span> <span class='ocrx_word' id='word_1_34' title='bbox 422 403 464 449; x_wconf 90' lang='lat'><strong><em>6&#39;</em></strong></span> <span class='ocrx_word' id='word_1_35' title='bbox 498 401 846 474; x_wconf 79' lang='grc' dir='ltr'><strong><em>απαμειβόμενος</em></strong></span> <span class='ocrx_word' id='word_1_36' title='bbox 874 402 1119 473; x_wconf 77' lang='grc' dir='ltr'><em>προσέφης,</em></span> <span class='ocrx_word' id='word_1_37' title='bbox 1144 401 1311 470; x_wconf 81' lang='grc' dir='ltr'><strong><em>Εὔμαιε</em></strong></span> <span class='ocrx_word' id='word_1_38' title='bbox 1340 405 1534 457; x_wconf 77' lang='grc' dir='ltr'><strong><em>συβῶτα·</em></strong></span> 
     </span>
    </p>
   </div>
   <div class='ocr_carea' id='block_1_6' title="bbox 99 457 1487 927">
    <p class='ocr_par' dir='ltr' id='par_1_8' title="bbox 209 457 1487 690">
     <span class='ocr_line' id='line_1_9' title="bbox 211 457 1487 518; baseline -0.003 -11.867"><span class='ocrx_word' id='word_1_39' title='bbox 211 461 436 518; x_wconf 86' lang='grc' dir='ltr'><strong><em>,,Ἀντίνο’,</em></strong></span> <span class='ocrx_word' id='word_1_40' title='bbox 469 459 524 504; x_wconf 86' lang='lat' dir='ltr'><strong><em>ov’</em></strong></span> <span class='ocrx_word' id='word_1_41' title='bbox 553 460 632 513; x_wconf 80' lang='grc' dir='ltr'><strong><em>μὲν</em></strong></span> <span class='ocrx_word' id='word_1_42' title='bbox 661 458 786 510; x_wconf 78' lang='grc' dir='ltr'><strong><em>καλὰ,</em></strong></span> <span class='ocrx_word' id='word_1_43' title='bbox 816 460 889 502; x_wconf 79' lang='grc' dir='ltr'><strong><em>καὶ</em></strong></span> <span class='ocrx_word' id='word_1_44' title='bbox 919 458 1074 508; x_wconf 73' lang='grc' dir='ltr'><strong><em>ἐσθλὸς</em></strong></span> <span class='ocrx_word' id='word_1_45' title='bbox 1103 458 1200 509; x_wconf 79' lang='grc' dir='ltr'><strong><em>ἐῶν,</em></strong></span> <span class='ocrx_word' id='word_1_46' title='bbox 1232 457 1487 512; x_wconf 61' lang='grc' dir='ltr'><strong><em>ἀγορεύεις]</em></strong></span> 
     </span>
     <span class='ocr_line' id='line_1_10' title="bbox 211 497 1411 575; baseline -0.004 -11"><span class='ocrx_word' id='word_1_47' title='bbox 211 522 277 571; x_wconf 85' lang='grc' dir='ltr'><strong><em>τίς</em></strong></span> <span class='ocrx_word' id='word_1_48' title='bbox 305 521 388 575; x_wconf 72' lang='grc' dir='ltr'><strong><em>γὰρ</em></strong></span> <span class='ocrx_word' id='word_1_49' title='bbox 421 497 473 573; x_wconf 82' lang='grc' dir='ltr'><strong><em>δη</em></strong></span> <span class='ocrx_word' id='word_1_50' title='bbox 507 518 648 568; x_wconf 81' lang='grc' dir='ltr'><strong><em>ξεῖνον</em></strong></span> <span class='ocrx_word' id='word_1_51' title='bbox 677 520 802 559; x_wconf 75' lang='grc' dir='ltr'><strong><em>καλεῖ</em></strong></span> <span class='ocrx_word' id='word_1_52' title='bbox 829 515 1021 559; x_wconf 74' lang='grc' dir='ltr'><strong><em>ἄλλοθεν</em></strong></span> <span class='ocrx_word' id='word_1_53' title='bbox 1051 514 1186 566; x_wconf 78' lang='grc' dir='ltr'><strong><em>αὐτὸς</em></strong></span> <span class='ocrx_word' id='word_1_54' title='bbox 1215 514 1411 559; x_wconf 75' lang='grc' dir='ltr'><strong><em>ἐπελθών</em></strong></span> 
     </span>
     <span class='ocr_line' id='line_1_11' title="bbox 213 573 1232 632; baseline -0.006 -12"><span class='ocrx_word' id='word_1_55' title='bbox 213 577 348 621; x_wconf 77' lang='grc' dir='ltr'><strong><em>ἄλλον</em></strong></span> <span class='ocrx_word' id='word_1_56' title='bbox 378 574 424 632; x_wconf 77' lang='grc' dir='ltr'><strong><em>γ’</em></strong></span> <span class='ocrx_word' id='word_1_57' title='bbox 428 606 440 623; x_wconf 79' lang='grc'><strong><em>,</em></strong></span> <span class='ocrx_word' id='word_1_58' title='bbox 480 576 516 617; x_wconf 81' lang='grc' dir='ltr'><strong><em>εἰ</em></strong></span> <span class='ocrx_word' id='word_1_59' title='bbox 545 574 602 629; x_wconf 80' lang='grc' dir='ltr'>μὴ</span> <span class='ocrx_word' id='word_1_60' title='bbox 631 577 734 621; x_wconf 87' lang='grc' dir='ltr'><strong><em>τῶν,</em></strong></span> <span class='ocrx_word' id='word_1_61' title='bbox 765 575 808 616; x_wconf 75' lang='grc' dir='ltr'><strong><em>οἱ</em></strong></span> <span class='ocrx_word' id='word_1_62' title='bbox 841 573 1095 627; x_wconf 81' lang='grc' dir='ltr'>δημιοεργοὶ</span> <span class='ocrx_word' id='word_1_63' title='bbox 1125 573 1232 623; x_wconf 87' lang='grc' dir='ltr'><strong><em>Ξασι,</em></strong></span> 
     </span>
     <span class='ocr_line' id='line_1_12' title="bbox 209 629 1305 690; baseline -0.006 -13"><span class='ocrx_word' id='word_1_64' title='bbox 209 634 380 690; x_wconf 81' lang='grc' dir='ltr'><strong><em>μάντιν,</em></strong></span> <span class='ocrx_word' id='word_1_65' title='bbox 410 632 439 686; x_wconf 78' lang='grc' dir='ltr'><em>ἢ</em></span> <span class='ocrx_word' id='word_1_66' title='bbox 468 633 624 687; x_wconf 78' lang='grc' dir='ltr'><strong><em>ἰητῆρα</em></strong></span> <span class='ocrx_word' id='word_1_67' title='bbox 654 634 814 682; x_wconf 82' lang='grc' dir='ltr'><strong><em>κακῶν,</em></strong></span> <span class='ocrx_word' id='word_1_68' title='bbox 843 629 873 684; x_wconf 75' lang='grc' dir='ltr'><strong><em>ἢ</em></strong></span> <span class='ocrx_word' id='word_1_69' title='bbox 901 629 1084 672; x_wconf 77' lang='grc' dir='ltr'><strong><em>τέκτονα</em></strong></span> <span class='ocrx_word' id='word_1_70' title='bbox 1114 629 1305 682; x_wconf 79' lang='grc' dir='ltr'><em>δούρων,</em></span> 
     </span>
    </p>

    <p class='ocr_par' dir='ltr' id='par_1_9' title="bbox 99 685 1414 859">
     <span class='ocr_line' id='line_1_13' title="bbox 99 685 1347 756; baseline -0.005 -23"><span class='ocrx_word' id='word_1_71' title='bbox 99 695 184 738; x_wconf 85' lang='grc'><strong>385</strong></span> <span class='ocrx_word' id='word_1_72' title='bbox 211 691 267 748; x_wconf 80' lang='grc' dir='ltr'><em>ἢ</em></span> <span class='ocrx_word' id='word_1_73' title='bbox 269 691 341 733; x_wconf 85' lang='grc' dir='ltr'><strong><em>καὶ</em></strong></span> <span class='ocrx_word' id='word_1_74' title='bbox 370 689 530 732; x_wconf 77' lang='grc' dir='ltr'><strong><em>θέσπιν</em></strong></span> <span class='ocrx_word' id='word_1_75' title='bbox 567 687 735 738; x_wconf 72' lang='grc' dir='ltr'><strong><em>ἀοιδὸν,</em></strong></span> <span class='ocrx_word' id='word_1_76' title='bbox 768 686 794 728; x_wconf 85' lang='grc' dir='ltr'>ὅ</span> <span class='ocrx_word' id='word_1_77' title='bbox 822 702 897 728; x_wconf 80' lang='grc' dir='ltr'><strong><em>κεν</em></strong></span> <span class='ocrx_word' id='word_1_78' title='bbox 927 686 1136 756; x_wconf 76' lang='grc' dir='ltr'>τέρπῃσιν</span> <span class='ocrx_word' id='word_1_79' title='bbox 1165 685 1347 735; x_wconf 82' lang='grc' dir='ltr'><strong><em>ἀείδων;</em></strong></span> 
     </span>
     <span class='ocr_line' id='line_1_14' title="bbox 164 741 1433 813; baseline -0.006 -22"><span class='ocrx_word' id='word_1_80' title='bbox 164 765 166 767; x_wconf 66' lang='grc'><strong>’</strong></span> <span class='ocrx_word' id='word_1_81' title='bbox 213 749 338 791; x_wconf 85' lang='grc' dir='ltr'><strong><em>οὑτοι</em></strong></span> <span class='ocrx_word' id='word_1_82' title='bbox 365 747 450 800; x_wconf 77' lang='grc' dir='ltr'><strong><em>γὰρ</em></strong></span> <span class='ocrx_word' id='word_1_83' title='bbox 480 745 632 813; x_wconf 84' lang='grc' dir='ltr'><strong><em>κλητοι</em></strong></span> <span class='ocrx_word' id='word_1_84' title='bbox 657 758 706 798; x_wconf 77' lang='grc' dir='ltr'><strong><em>γε</em></strong></span> <span class='ocrx_word' id='word_1_85' title='bbox 735 745 907 809; x_wconf 87' lang='grc' dir='ltr'><strong><em>βροτῶν</em></strong></span> <span class='ocrx_word' id='word_1_86' title='bbox 936 741 1000 784; x_wconf 78' lang='grc' dir='ltr'><strong><em>ἐπ’</em></strong></span> <span class='ocrx_word' id='word_1_87' title='bbox 1032 741 1247 796; x_wconf 83' lang='grc' dir='ltr'><strong><em>απείρονα</em></strong></span> <span class='ocrx_word' id='word_1_88' title='bbox 1276 747 1433 797; x_wconf 76' lang='grc' dir='ltr'><strong><em>γαῖαν·</em></strong></span> 
     </span>
     <span class='ocr_line' id='line_1_15' title="bbox 210 798 1427 876; baseline -0.005 -29"><span class='ocrx_word' id='word_1_89' title='bbox 210 804 383 876; x_wconf 87' lang='grc' dir='ltr'><strong><em>πτωχὸν</em></strong></span> <span class='ocrx_word' id='word_1_90' title='bbox 414 801 456 844; x_wconf 87' lang='lat'><strong><em>6&#39;</em></strong></span> <span class='ocrx_word' id='word_1_91' title='bbox 489 800 573 844; x_wconf 80' lang='grc' dir='ltr'><strong><em>οὐκ</em></strong></span> <span class='ocrx_word' id='word_1_92' title='bbox 604 798 660 842; x_wconf 68' lang='grc' dir='ltr'><strong><em>ἔν</em></strong></span> <span class='ocrx_word' id='word_1_93' title='bbox 689 815 752 848; x_wconf 84' lang='grc' dir='ltr'><strong><em>τις</em></strong></span> <span class='ocrx_word' id='word_1_94' title='bbox 784 798 953 849; x_wconf 80' lang='grc' dir='ltr'><strong><em>καλέοι,</em></strong></span> <span class='ocrx_word' id='word_1_95' title='bbox 984 798 1196 850; x_wconf 74' lang='grc' dir='ltr'><strong><em>τρύξοντα</em></strong></span> <span class='ocrx_word' id='word_1_96' title='bbox 1227 798 1246 841; x_wconf 77' lang='lat'>5</span> <span class='ocrx_word' id='word_1_97' title='bbox 1277 799 1427 843; x_wconf 76' lang='grc' dir='ltr'><strong><em>αὐτόν.</em></strong></span> 
     </span>
    </p>

    <p class='ocr_par' dir='ltr' id='par_1_10' title="bbox 201 854 1365 927">
     <span class='ocr_line' id='line_1_16' title="bbox 201 854 1365 927; baseline -0.01 -22"><span class='ocrx_word' id='word_1_98' title='bbox 201 859 298 905; x_wconf 73' lang='grc' dir='ltr'><strong><em>ἀλλ’</em></strong></span> <span class='ocrx_word' id='word_1_99' title='bbox 334 859 414 902; x_wconf 77' lang='grc' dir='ltr'><strong><em>αἰεὶ</em></strong></span> <span class='ocrx_word' id='word_1_100' title='bbox 446 855 629 911; x_wconf 77' lang='grc' dir='ltr'><strong><em>χαλεπὸς</em></strong></span> <span class='ocrx_word' id='word_1_101' title='bbox 658 855 769 907; x_wconf 84' lang='grc' dir='ltr'><strong><em>περὶ</em></strong></span> <span class='ocrx_word' id='word_1_102' title='bbox 784 854 962 897; x_wconf 81' lang='grc' dir='ltr'><strong><em>πάντων</em></strong></span> <span class='ocrx_word' id='word_1_103' title='bbox 996 859 1057 904; x_wconf 76' lang='grc' dir='ltr'><strong><em>εἰς</em></strong></span> <span class='ocrx_word' id='word_1_104' title='bbox 1087 855 1365 927; x_wconf 75' lang='grc' dir='ltr'><strong><em>μνηστήρων</em></strong></span> 
     </span>
    </p>
   </div>
   <div class='ocr_carea' id='block_1_7' title="bbox 212 911 861 987">
    <p class='ocr_par' dir='ltr' id='par_1_11' title="bbox 212 911 861 987">
     <span class='ocr_line' id='line_1_17' title="bbox 212 911 861 987; baseline -0.011 -26"><span class='ocrx_word' id='word_1_105' title='bbox 212 917 396 987; x_wconf 79' lang='grc' dir='ltr'><strong><em>δμωσὶν</em></strong></span> <span class='ocrx_word' id='word_1_106' title='bbox 402 913 657 967; x_wconf 79' lang='grc' dir='ltr'><strong><em>Ὀδυσσῆος,</em></strong></span> <span class='ocrx_word' id='word_1_107' title='bbox 688 911 804 982; x_wconf 80' lang='grc' dir='ltr'><strong><em>πέρι.</em></strong></span> <span class='ocrx_word' id='word_1_108' title='bbox 818 911 861 955; x_wconf 84' lang='lat'><strong><em>6&#39;</em></strong></span> 
     </span>
    </p>
   </div>
   <div class='ocr_carea' id='block_1_8' title="bbox 896 907 1487 968">
    <p class='ocr_par' dir='ltr' id='par_1_12' title="bbox 896 907 1487 968">
     <span class='ocr_line' id='line_1_18' title="bbox 896 907 1487 968; baseline 0.002 -14"><span class='ocrx_word' id='word_1_109' title='bbox 896 907 997 954; x_wconf 78' lang='grc' dir='ltr'><strong><em>αὖτ’</em></strong></span> <span class='ocrx_word' id='word_1_110' title='bbox 1029 911 1148 966; x_wconf 76' lang='grc' dir='ltr'><strong><em>ἐμοί·</em></strong></span> <span class='ocrx_word' id='word_1_111' title='bbox 1181 911 1320 967; x_wconf 75' lang='grc' dir='ltr'><strong><em>αὐτὰρ</em></strong></span> <span class='ocrx_word' id='word_1_112' title='bbox 1352 911 1487 968; x_wconf 73' lang='grc' dir='ltr'><strong><em>ἔγωγε</em></strong></span> 
     </span>
    </p>
   </div>
   <div class='ocr_carea' id='block_1_9' title="bbox 97 967 1246 1036">
    <p class='ocr_par' dir='ltr' id='par_1_13' title="bbox 97 967 1246 1036">
     <span class='ocr_line' id='line_1_19' title="bbox 97 967 1246 1036; baseline -0.007 -18"><span class='ocrx_word' id='word_1_113' title='bbox 97 981 180 1021; x_wconf 79' lang='grc'><strong>390</strong></span> <span class='ocrx_word' id='word_1_114' title='bbox 210 973 294 1016; x_wconf 75' lang='grc' dir='ltr'><strong><em>οὐκ</em></strong></span> <span class='ocrx_word' id='word_1_115' title='bbox 324 970 475 1024; x_wconf 73' lang='grc' dir='ltr'><strong><em>ἀλέγω,</em></strong></span> <span class='ocrx_word' id='word_1_116' title='bbox 507 971 606 1018; x_wconf 75' lang='grc' dir='ltr'><strong><em>εἵως</em></strong></span> <span class='ocrx_word' id='word_1_117' title='bbox 637 985 710 1023; x_wconf 87' lang='grc' dir='ltr'><strong><em>μοι</em></strong></span> <span class='ocrx_word' id='word_1_118' title='bbox 741 967 938 1024; x_wconf 71' lang='grc' dir='ltr'><strong><em>ἐχέφρων</em></strong></span> <span class='ocrx_word' id='word_1_119' title='bbox 969 969 1246 1036; x_wconf 79' lang='grc' dir='ltr'><strong><em>Πηνελόπεια</em></strong></span> 
     </span>
    </p>
   </div>
   <div class='ocr_carea' id='block_1_10' title="bbox 209 1023 1282 1083">
    <p class='ocr_par' dir='ltr' id='par_1_14' title="bbox 209 1023 1282 1083">
     <span class='ocr_line' id='line_1_20' title="bbox 209 1023 1282 1083; baseline -0.006 -10"><span class='ocrx_word' id='word_1_120' title='bbox 209 1029 308 1083; x_wconf 73' lang='grc' dir='ltr'><strong><em>ζώει</em></strong></span> <span class='ocrx_word' id='word_1_121' title='bbox 338 1028 402 1072; x_wconf 76' lang='grc' dir='ltr'><strong><em>ἐνὶ</em></strong></span> <span class='ocrx_word' id='word_1_122' title='bbox 430 1028 649 1082; x_wconf 79' lang='grc' dir='ltr'><strong><em>μεγάροις,</em></strong></span> <span class='ocrx_word' id='word_1_123' title='bbox 680 1025 755 1069; x_wconf 82' lang='grc' dir='ltr'><strong><em>καὶ</em></strong></span> <span class='ocrx_word' id='word_1_124' title='bbox 789 1025 1037 1080; x_wconf 81' lang='grc' dir='ltr'><strong><em>Τηλέμαχος</em></strong></span> <span class='ocrx_word' id='word_1_125' title='bbox 1066 1023 1282 1080; x_wconf 73' lang='grc' dir='ltr'><strong><em>θεοειὸή.</em></strong></span> 
     </span>
    </p>
   </div>
   <div class='ocr_carea' id='block_1_11' title="bbox 1253 1028 1312 1051">
    <p class='ocr_par' dir='ltr' id='par_1_15' title="bbox 1253 1028 1312 1051">
     <span class='ocr_line' id='line_1_21' title="bbox 1253 1028 1312 1051; baseline -0.034 0"><span class='ocrx_word' id='word_1_126' title='bbox 1253 1028 1312 1051; x_wconf 53' lang='lat' dir='ltr'><strong><em>al&lt;</em></strong></span> 
     </span>
    </p>
   </div>
   <div class='ocr_carea' id='block_1_12' title="bbox 184 1126 1558 1174">
    <p class='ocr_par' dir='ltr' id='par_1_16' title="bbox 184 1126 1558 1174">
     <span class='ocr_line' id='line_1_22' title="bbox 184 1126 1558 1174; baseline -0.003 -6"><span class='ocrx_word' id='word_1_127' title='bbox 184 1133 374 1168; x_wconf 84' lang='lat' dir='ltr'><strong>Eumaeum</strong></span> <span class='ocrx_word' id='word_1_128' title='bbox 397 1130 501 1164; x_wconf 86' lang='lat' dir='ltr'><strong>silere</strong></span> <span class='ocrx_word' id='word_1_129' title='bbox 522 1130 622 1174; x_wconf 85' lang='lat' dir='ltr'><strong>jubet</strong></span> <span class='ocrx_word' id='word_1_130' title='bbox 646 1129 897 1169; x_wconf 86' lang='lat' dir='ltr'><strong>Telemachus,</strong></span> <span class='ocrx_word' id='word_1_131' title='bbox 922 1131 958 1162; x_wconf 86' lang='lat' dir='ltr'><strong><em>et</em></strong></span> <span class='ocrx_word' id='word_1_132' title='bbox 980 1127 1165 1162; x_wconf 79' lang='lat' dir='ltr'><strong>Antinoum</strong></span> <span class='ocrx_word' id='word_1_133' title='bbox 1188 1127 1298 1162; x_wconf 89' lang='lat' dir='ltr'><strong>libere</strong></span> <span class='ocrx_word' id='word_1_134' title='bbox 1322 1126 1558 1173; x_wconf 79' lang='lat' dir='ltr'><strong>reprehendit.</strong></span> 
     </span>
    </p>
   </div>
   <div class='ocr_carea' id='block_1_13' title="bbox 207 1186 1481 1314">
    <p class='ocr_par' dir='ltr' id='par_1_17' title="bbox 207 1186 1481 1314">
     <span class='ocr_line' id='line_1_23' title="bbox 291 1186 1481 1252; baseline -0.003 -9"><span class='ocrx_word' id='word_1_135' title='bbox 291 1199 382 1243; x_wconf 81' lang='grc' dir='ltr'><strong><em>Τόν</em></strong></span> <span class='ocrx_word' id='word_1_136' title='bbox 413 1198 457 1242; x_wconf 86' lang='grc' dir='ltr'><strong><em>δ’</em></strong></span> <span class='ocrx_word' id='word_1_137' title='bbox 491 1194 550 1242; x_wconf 79' lang='grc' dir='ltr'><strong><em>αὗ</em></strong></span> <span class='ocrx_word' id='word_1_138' title='bbox 583 1186 831 1252; x_wconf 76' lang='grc' dir='ltr'><strong><em>Τηλέμαχος</em></strong></span> <span class='ocrx_word' id='word_1_139' title='bbox 859 1195 1134 1250; x_wconf 76' lang='grc' dir='ltr'><strong><em>πεπνυμένος</em></strong></span> <span class='ocrx_word' id='word_1_140' title='bbox 1165 1194 1316 1239; x_wconf 76' lang='grc' dir='ltr'><strong><em>ἀντίον</em></strong></span> <span class='ocrx_word' id='word_1_141' title='bbox 1344 1196 1481 1252; x_wconf 82' lang='grc' dir='ltr'><strong><em>ηὔδα·</em></strong></span> 
     </span>
     <span class='ocr_line' id='line_1_24' title="bbox 207 1252 1372 1314; baseline -0.004 -13"><span class='ocrx_word' id='word_1_142' title='bbox 207 1258 362 1314; x_wconf 75' lang='grc' dir='ltr'><strong><em>,,σίγα,</em></strong></span> <span class='ocrx_word' id='word_1_143' title='bbox 393 1254 452 1313; x_wconf 81' lang='grc' dir='ltr'>μή</span> <span class='ocrx_word' id='word_1_144' title='bbox 483 1267 560 1312; x_wconf 83' lang='grc' dir='ltr'><strong><em>μοι</em></strong></span> <span class='ocrx_word' id='word_1_145' title='bbox 589 1258 751 1299; x_wconf 81' lang='grc' dir='ltr'><strong><em>τοῦτον</em></strong></span> <span class='ocrx_word' id='word_1_146' title='bbox 784 1253 961 1311; x_wconf 75' lang='grc' dir='ltr'><strong><em>ἀμείβεο</em></strong></span> <span class='ocrx_word' id='word_1_147' title='bbox 991 1252 1120 1297; x_wconf 83' lang='grc' dir='ltr'><strong><em>πόλλ’</em></strong></span> <span class='ocrx_word' id='word_1_148' title='bbox 1152 1252 1372 1297; x_wconf 79' lang='grc' dir='ltr'><strong><em>ἐπέεσσιν·</em></strong></span> 
     </span>
    </p>
   </div>
   <div class='ocr_carea' id='block_1_14' title="bbox 19 1400 850 2884">
    <p class='ocr_par' dir='ltr' id='par_1_18' title="bbox 19 1400 850 2884">
     <span class='ocr_line' id='line_1_25' title="bbox 35 1400 847 1450; baseline -0.005 -9"><span class='ocrx_word' id='word_1_149' title='bbox 35 1406 154 1442; x_wconf 86' lang='lat' dir='ltr'><strong>sertim</strong></span> <span class='ocrx_word' id='word_1_150' title='bbox 183 1405 330 1441; x_wconf 81' lang='lat' dir='ltr'><strong>Atticos.</strong></span> <span class='ocrx_word' id='word_1_151' title='bbox 357 1425 403 1431; x_wconf 92' lang='lat'><em>-</em></span> <span class='ocrx_word' id='word_1_152' title='bbox 430 1401 457 1449; x_wconf 77' lang='grc' dir='ltr'><strong><em>ἦ</em></strong></span> <span class='ocrx_word' id='word_1_153' title='bbox 481 1401 565 1450; x_wconf 76' lang='grc' dir='ltr'><strong><em>οὔχ</em></strong></span> <span class='ocrx_word' id='word_1_154' title='bbox 590 1400 705 1444; x_wconf 80' lang='grc' dir='ltr'><strong><em>α’λις.</em></strong></span> <span class='ocrx_word' id='word_1_155' title='bbox 751 1402 847 1448; x_wconf 73' lang='grc' dir='ltr'>5)ῃί-</span> 
     </span>
     <span class='ocr_line' id='line_1_26' title="bbox 37 1449 847 1508; baseline -0.005 -20"><span class='ocrx_word' id='word_1_156' title='bbox 37 1453 137 1488; x_wconf 86' lang='lat' dir='ltr'><strong>zesis.</strong></span> <span class='ocrx_word' id='word_1_157' title='bbox 180 1450 468 1496; x_wconf 61' lang='lat' dir='ltr'><strong><em>v.11.e&#39;,349.</em></strong></span> <span class='ocrx_word' id='word_1_158' title='bbox 503 1472 545 1477; x_wconf 85' lang='grc'><strong>-</strong></span> <span class='ocrx_word' id='word_1_159' title='bbox 582 1449 847 1508; x_wconf 69' lang='grc' dir='ltr'><strong><em>αλήμονες,</em></strong></span> 
     </span>
     <span class='ocr_line' id='line_1_27' title="bbox 19 1495 846 1553; baseline -0.002 -19"><span class='ocrx_word' id='word_1_160' title='bbox 19 1510 187 1548; x_wconf 57' lang='lat' dir='ltr'><strong><em>xerrones.</em></strong></span> <span class='ocrx_word' id='word_1_161' title='bbox 218 1498 261 1539; x_wconf 84' lang='grc' dir='ltr'><strong><em>τ’,</em></strong></span> <span class='ocrx_word' id='word_1_162' title='bbox 286 1499 343 1534; x_wconf 77' lang='grc'><strong><em>74.</em></strong></span> <span class='ocrx_word' id='word_1_163' title='bbox 367 1517 412 1524; x_wconf 93' lang='lat'><strong><em>-—</em></strong></span> <span class='ocrx_word' id='word_1_164' title='bbox 435 1497 625 1553; x_wconf 80' lang='grc' dir='ltr'><strong><em>πτωχόν</em></strong></span> <span class='ocrx_word' id='word_1_165' title='bbox 647 1517 693 1522; x_wconf 88' lang='lat'><strong><em>-—</em></strong></span> <span class='ocrx_word' id='word_1_166' title='bbox 719 1495 846 1532; x_wconf 77' lang='grc' dir='ltr'><strong><em>ἀπολ-</em></strong></span> 
     </span>
     <span class='ocr_line' id='line_1_28' title="bbox 37 1542 849 1590; baseline -0.004 -9"><span class='ocrx_word' id='word_1_167' title='bbox 37 1547 119 1581; x_wconf 70' lang='grc'><strong>220.</strong></span> <span class='ocrx_word' id='word_1_168' title='bbox 142 1565 186 1569; x_wconf 92' lang='grc'>-</span> <span class='ocrx_word' id='word_1_169' title='bbox 212 1546 284 1579; x_wconf 77' lang='lat' dir='ltr'><strong><em>Am.</em></strong></span> <span class='ocrx_word' id='word_1_170' title='bbox 308 1545 374 1580; x_wconf 93' lang='grc' dir='ltr'><strong><em>Β..</em></strong></span> <span class='ocrx_word' id='word_1_171' title='bbox 407 1544 429 1590; x_wconf 82' lang='grc' dir='ltr'>ἢ</span> <span class='ocrx_word' id='word_1_172' title='bbox 453 1543 633 1580; x_wconf 80' lang='grc' dir='ltr'><strong><em>ὄνοσαι.</em></strong></span> <span class='ocrx_word' id='word_1_173' title='bbox 671 1542 849 1583; x_wconf 81' lang='grc' dir='ltr'><strong><em>ἐκφαυλί-</em></strong></span> 
     </span>
     <span class='ocr_line' id='line_1_29' title="bbox 38 1588 849 1648; baseline -0.002 -21"><span class='ocrx_word' id='word_1_174' title='bbox 38 1595 129 1636; x_wconf 79' lang='grc' dir='ltr'><strong><em>ζεις,</em></strong></span> <span class='ocrx_word' id='word_1_175' title='bbox 163 1588 502 1648; x_wconf 72' lang='grc' dir='ltr'><strong><em>εὐκαταφρόνητον</em></strong></span> <span class='ocrx_word' id='word_1_176' title='bbox 520 1605 552 1625; x_wconf 92' lang='grc' dir='ltr'><strong><em>κ.</em></strong></span> <span class='ocrx_word' id='word_1_177' title='bbox 579 1589 620 1626; x_wconf 86' lang='grc' dir='ltr'><strong><em>τὸ</em></strong></span> <span class='ocrx_word' id='word_1_178' title='bbox 643 1589 760 1647; x_wconf 67' lang='grc' dir='ltr'><strong><em>μηδὲν</em></strong></span> <span class='ocrx_word' id='word_1_179' title='bbox 785 1604 849 1625; x_wconf 88' lang='grc' dir='ltr'><strong><em>νο-</em></strong></span> 
     </span>
     <span class='ocr_line' id='line_1_30' title="bbox 37 1635 849 1696; baseline -0.004 -22"><span class='ocrx_word' id='word_1_180' title='bbox 37 1640 164 1696; x_wconf 82' lang='grc' dir='ltr'><strong><em>μίζεις</em></strong></span> <span class='ocrx_word' id='word_1_181' title='bbox 186 1650 219 1672; x_wconf 90' lang='lat' dir='ltr'><strong><em>v.</em></strong></span> <span class='ocrx_word' id='word_1_182' title='bbox 246 1650 322 1672; x_wconf 87' lang='lat' dir='ltr'><strong>ann.</strong></span> <span class='ocrx_word' id='word_1_183' title='bbox 348 1638 392 1671; x_wconf 78' lang='lat' dir='ltr'><strong><em>ad</em></strong></span> <span class='ocrx_word' id='word_1_184' title='bbox 411 1639 449 1671; x_wconf 83' lang='grc' dir='ltr'><strong><em>ΙΙ.</em></strong></span> <span class='ocrx_word' id='word_1_185' title='bbox 475 1636 514 1678; x_wconf 75' lang='grc' dir='ltr'><strong><em>ε’,</em></strong></span> <span class='ocrx_word' id='word_1_186' title='bbox 511 1639 620 1672; x_wconf 76' lang='grc'><strong>379</strong></span> <span class='ocrx_word' id='word_1_187' title='bbox 644 1657 688 1662; x_wconf 89' lang='lat'><strong><em>-—</em></strong></span> <span class='ocrx_word' id='word_1_188' title='bbox 713 1635 849 1673; x_wconf 87' lang='grc' dir='ltr'><strong><em>ότι-</em></strong></span> 
     </span>
     <span class='ocr_line' id='line_1_31' title="bbox 38 1684 849 1731; baseline -0.005 -11"><span class='ocrx_word' id='word_1_189' title='bbox 38 1684 271 1726; x_wconf 72' lang='grc' dir='ltr'><strong><em>ἄνακτας,</em></strong></span> <span class='ocrx_word' id='word_1_190' title='bbox 297 1686 385 1729; x_wconf 78' lang='lat' dir='ltr'><strong>quod</strong></span> <span class='ocrx_word' id='word_1_191' title='bbox 409 1686 472 1718; x_wconf 75' lang='lat' dir='ltr'><strong>tibi</strong></span> <span class='ocrx_word' id='word_1_192' title='bbox 493 1685 618 1718; x_wconf 78' lang='lat' dir='ltr'><strong>victum</strong></span> <span class='ocrx_word' id='word_1_193' title='bbox 644 1685 774 1717; x_wconf 72' lang='lat' dir='ltr'><strong>domim·</strong></span> <span class='ocrx_word' id='word_1_194' title='bbox 798 1684 849 1731; x_wconf 74' lang='lat' dir='ltr'><strong>(li.</strong></span> 
     </span>
     <span class='ocr_line' id='line_1_32' title="bbox 38 1731 781 1775; baseline -0.003 -10"><span class='ocrx_word' id='word_1_195' title='bbox 38 1745 71 1769; x_wconf 78' lang='lat' dir='ltr'><strong>e.</strong></span> <span class='ocrx_word' id='word_1_196' title='bbox 95 1732 221 1766; x_wconf 65' lang='lat' dir='ltr'><strong>victum</strong></span> <span class='ocrx_word' id='word_1_197' title='bbox 245 1731 295 1765; x_wconf 87' lang='lat' dir='ltr'><strong><em>tui</em></strong></span> <span class='ocrx_word' id='word_1_198' title='bbox 321 1731 464 1775; x_wconf 87' lang='lat' dir='ltr'><strong>domini)</strong></span> <span class='ocrx_word' id='word_1_199' title='bbox 489 1732 691 1771; x_wconf 77' lang='lat' dir='ltr'><strong>comeduut,</strong></span> <span class='ocrx_word' id='word_1_200' title='bbox 715 1737 781 1763; x_wconf 83' lang='lat' dir='ltr'><strong>etc.</strong></span> 
     </span>
     <span class='ocr_line' id='line_1_33' title="bbox 84 1774 848 1815; baseline -0.008 0"><span class='ocrx_word' id='word_1_201' title='bbox 84 1779 164 1815; x_wconf 85' lang='lat'><strong><em>379.</em></strong></span> <span class='ocrx_word' id='word_1_202' title='bbox 204 1777 254 1812; x_wconf 76' lang='grc' dir='ltr'><strong><em>σύ</em></strong></span> <span class='ocrx_word' id='word_1_203' title='bbox 281 1776 329 1812; x_wconf 79' lang='grc' dir='ltr'><strong><em>δὲ</em></strong></span> <span class='ocrx_word' id='word_1_204' title='bbox 354 1779 430 1811; x_wconf 83' lang='grc' dir='ltr'><strong><em>καὶ</em></strong></span> <span class='ocrx_word' id='word_1_205' title='bbox 463 1777 578 1812; x_wconf 85' lang='grc' dir='ltr'><strong><em>ποτὶ</em></strong></span> <span class='ocrx_word' id='word_1_206' title='bbox 603 1776 744 1811; x_wconf 80' lang='grc' dir='ltr'><strong><em>τόνδε</em></strong></span> <span class='ocrx_word' id='word_1_207' title='bbox 768 1774 848 1809; x_wconf 78' lang='grc' dir='ltr'><strong><em>κά-</em></strong></span> 
     </span>
     <span class='ocr_line' id='line_1_34' title="bbox 38 1823 850 1866; baseline -0.005 -6"><span class='ocrx_word' id='word_1_208' title='bbox 38 1827 289 1863; x_wconf 65' lang='grc' dir='ltr'><strong><em>λεσσας,»ΐιι</em></strong></span> <span class='ocrx_word' id='word_1_209' title='bbox 312 1835 392 1856; x_wconf 81' lang='lat' dir='ltr'><strong>vero</strong></span> <span class='ocrx_word' id='word_1_210' title='bbox 416 1824 554 1866; x_wconf 74' lang='lat' dir='ltr'><strong>insuper</strong></span> <span class='ocrx_word' id='word_1_211' title='bbox 582 1823 726 1863; x_wconf 77' lang='lat' dir='ltr'><strong>etJmnc</strong></span> <span class='ocrx_word' id='word_1_212' title='bbox 749 1834 850 1856; x_wconf 82' lang='lat' dir='ltr'><strong>voca-</strong></span> 
     </span>
     <span class='ocr_line' id='line_1_35' title="bbox 39 1869 849 1912; baseline -0.004 -7"><span class='ocrx_word' id='word_1_213' title='bbox 39 1872 96 1905; x_wconf 80' lang='lat' dir='ltr'><strong>sti.</strong></span> <span class='ocrx_word' id='word_1_214' title='bbox 143 1870 240 1903; x_wconf 80' lang='lat' dir='ltr'><strong>Harl.</strong></span> <span class='ocrx_word' id='word_1_215' title='bbox 275 1876 310 1902; x_wconf 86' lang='lat' dir='ltr'><strong><em>et</em></strong></span> <span class='ocrx_word' id='word_1_216' title='bbox 333 1872 372 1902; x_wconf 90' lang='lat' dir='ltr'><strong><em>A.</em></strong></span> <span class='ocrx_word' id='word_1_217' title='bbox 397 1869 452 1902; x_wconf 64' lang='lat'><strong><em>2:</em></strong></span> <span class='ocrx_word' id='word_1_218' title='bbox 487 1881 517 1904; x_wconf 89' lang='grc' dir='ltr'><strong><em>σ.</em></strong></span> <span class='ocrx_word' id='word_1_219' title='bbox 551 1870 584 1905; x_wconf 93' lang='lat'><strong><em>6.</em></strong></span> <span class='ocrx_word' id='word_1_220' title='bbox 617 1882 650 1903; x_wconf 91' lang='grc' dir='ltr'><strong><em>κ.</em></strong></span> <span class='ocrx_word' id='word_1_221' title='bbox 686 1869 794 1912; x_wconf 86' lang='grc' dir='ltr'><strong><em>προτὶ</em></strong></span> <span class='ocrx_word' id='word_1_222' title='bbox 818 1882 849 1902; x_wconf 87' lang='grc' dir='ltr'><strong><em>τ.</em></strong></span> 
     </span>
     <span class='ocr_line' id='line_1_36' title="bbox 39 1914 848 1959; baseline -0.004 -7"><span class='ocrx_word' id='word_1_223' title='bbox 39 1931 72 1953; x_wconf 89' lang='grc' dir='ltr'><strong><em>κ.</em></strong></span> <span class='ocrx_word' id='word_1_224' title='bbox 118 1918 159 1950; x_wconf 90' lang='lat' dir='ltr'><strong><em>A.</em></strong></span> <span class='ocrx_word' id='word_1_225' title='bbox 186 1917 242 1950; x_wconf 84' lang='lat'><strong><em>3.:</em></strong></span> <span class='ocrx_word' id='word_1_226' title='bbox 278 1927 308 1949; x_wconf 92' lang='grc' dir='ltr'><strong><em>σ.</em></strong></span> <span class='ocrx_word' id='word_1_227' title='bbox 334 1916 366 1949; x_wconf 91' lang='grc' dir='ltr'><strong><em>δ.</em></strong></span> <span class='ocrx_word' id='word_1_228' title='bbox 391 1929 422 1948; x_wconf 87' lang='grc' dir='ltr'><strong><em>κ.</em></strong></span> <span class='ocrx_word' id='word_1_229' title='bbox 453 1916 563 1950; x_wconf 70' lang='lat' dir='ltr'><strong>noo-tl.</strong></span> <span class='ocrx_word' id='word_1_230' title='bbox 586 1914 693 1950; x_wconf 82' lang='grc' dir='ltr'><strong><em>τόνδε</em></strong></span> <span class='ocrx_word' id='word_1_231' title='bbox 726 1928 756 1949; x_wconf 83' lang='grc' dir='ltr'><strong><em>κ.</em></strong></span> <span class='ocrx_word' id='word_1_232' title='bbox 785 1927 848 1959; x_wconf 86' lang='lat' dir='ltr'><strong><em>pro</em></strong></span> 
     </span>
     <span class='ocr_line' id='line_1_37' title="bbox 41 1961 847 2005; baseline -0.005 -7"><span class='ocrx_word' id='word_1_233' title='bbox 41 1963 171 1998; x_wconf 84' lang='lat' dir='ltr'><strong>eodem.</strong></span> <span class='ocrx_word' id='word_1_234' title='bbox 212 1961 464 2005; x_wconf 78' lang='lat' dir='ltr'><strong>significatione</strong></span> <span class='ocrx_word' id='word_1_235' title='bbox 487 1961 579 1995; x_wconf 83' lang='lat' dir='ltr'><strong>haud</strong></span> <span class='ocrx_word' id='word_1_236' title='bbox 608 1962 771 1994; x_wconf 80' lang='lat' dir='ltr'><strong>differunt</strong></span> <span class='ocrx_word' id='word_1_237' title='bbox 794 1961 847 1994; x_wconf 91' lang='lat' dir='ltr'><strong><em>in-</em></strong></span> 
     </span>
     <span class='ocr_line' id='line_1_38' title="bbox 38 2008 845 2050; baseline -0.004 -7"><span class='ocrx_word' id='word_1_238' title='bbox 38 2015 96 2043; x_wconf 81' lang='lat' dir='ltr'><strong><em>ter</em></strong></span> <span class='ocrx_word' id='word_1_239' title='bbox 119 2020 156 2042; x_wconf 87' lang='lat' dir='ltr'><strong><em>se</em></strong></span> <span class='ocrx_word' id='word_1_240' title='bbox 179 2009 264 2042; x_wconf 85' lang='grc' dir='ltr'><strong><em>ποτὶ</em></strong></span> <span class='ocrx_word' id='word_1_241' title='bbox 289 2015 324 2041; x_wconf 82' lang='lat' dir='ltr'><strong><em>et</em></strong></span> <span class='ocrx_word' id='word_1_242' title='bbox 346 2009 474 2050; x_wconf 84' lang='grc' dir='ltr'><strong><em>προτὶ,</em></strong></span> <span class='ocrx_word' id='word_1_243' title='bbox 509 2019 572 2041; x_wconf 85' lang='lat' dir='ltr'><strong><em>usu</em></strong></span> <span class='ocrx_word' id='word_1_244' title='bbox 609 2015 721 2041; x_wconf 84' lang='lat' dir='ltr'><strong>autem</strong></span> <span class='ocrx_word' id='word_1_245' title='bbox 745 2008 780 2040; x_wconf 90' lang='lat' dir='ltr'><strong><em>in</em></strong></span> <span class='ocrx_word' id='word_1_246' title='bbox 805 2019 845 2040; x_wconf 90' lang='lat' dir='ltr'><strong><em>eo</em></strong></span> 
     </span>
     <span class='ocr_line' id='line_1_39' title="bbox 39 2053 847 2099; baseline -0.004 -10"><span class='ocrx_word' id='word_1_247' title='bbox 39 2055 218 2095; x_wconf 79' lang='lat' dir='ltr'><strong>differunt,</strong></span> <span class='ocrx_word' id='word_1_248' title='bbox 244 2054 336 2099; x_wconf 88' lang='lat' dir='ltr'><strong>quod</strong></span> <span class='ocrx_word' id='word_1_249' title='bbox 353 2055 461 2096; x_wconf 85' lang='grc' dir='ltr'><strong><em>προτὶ</em></strong></span> <span class='ocrx_word' id='word_1_250' title='bbox 486 2055 644 2098; x_wconf 81' lang='lat' dir='ltr'><strong>usurpari</strong></span> <span class='ocrx_word' id='word_1_251' title='bbox 667 2054 764 2095; x_wconf 84' lang='lat' dir='ltr'><strong>solet,</strong></span> <span class='ocrx_word' id='word_1_252' title='bbox 788 2053 847 2087; x_wconf 85' lang='lat' dir='ltr'><strong><em>ubi</em></strong></span> 
     </span>
     <span class='ocr_line' id='line_1_40' title="bbox 39 2099 846 2143; baseline -0.003 -8"><span class='ocrx_word' id='word_1_253' title='bbox 39 2101 170 2136; x_wconf 86' lang='lat' dir='ltr'><strong>vocalis</strong></span> <span class='ocrx_word' id='word_1_254' title='bbox 204 2100 410 2134; x_wconf 80' lang='lat' dir='ltr'><strong>antecedens</strong></span> <span class='ocrx_word' id='word_1_255' title='bbox 442 2112 589 2133; x_wconf 85' lang='lat' dir='ltr'><strong>consona</strong></span> <span class='ocrx_word' id='word_1_256' title='bbox 613 2099 742 2143; x_wconf 80' lang='lat' dir='ltr'><strong>duplici</strong></span> <span class='ocrx_word' id='word_1_257' title='bbox 766 2111 846 2143; x_wconf 84' lang='lat' dir='ltr'><strong>pro-</strong></span> 
     </span>
     <span class='ocr_line' id='line_1_41' title="bbox 39 2146 846 2189; baseline -0.002 -8"><span class='ocrx_word' id='word_1_258' title='bbox 39 2147 195 2181; x_wconf 84' lang='lat' dir='ltr'><strong>ducenda</strong></span> <span class='ocrx_word' id='word_1_259' title='bbox 221 2151 286 2180; x_wconf 80' lang='lat' dir='ltr'><strong>est.</strong></span> <span class='ocrx_word' id='word_1_260' title='bbox 333 2158 400 2189; x_wconf 88' lang='lat' dir='ltr'><strong>quo</strong></span> <span class='ocrx_word' id='word_1_261' title='bbox 426 2146 620 2180; x_wconf 74' lang='lat' dir='ltr'><strong>discrimine</strong></span> <span class='ocrx_word' id='word_1_262' title='bbox 642 2158 712 2179; x_wconf 89' lang='lat' dir='ltr'><strong><em>non</em></strong></span> <span class='ocrx_word' id='word_1_263' title='bbox 736 2147 846 2179; x_wconf 85' lang='lat' dir='ltr'><strong>anim-</strong></span> 
     </span>
     <span class='ocr_line' id='line_1_42' title="bbox 38 2192 845 2228; baseline -0.002 -1"><span class='ocrx_word' id='word_1_264' title='bbox 38 2194 184 2228; x_wconf 80' lang='lat' dir='ltr'><strong>adverso</strong></span> <span class='ocrx_word' id='word_1_265' title='bbox 225 2192 357 2226; x_wconf 85' lang='lat' dir='ltr'><strong>librarii</strong></span> <span class='ocrx_word' id='word_1_266' title='bbox 392 2193 523 2226; x_wconf 81' lang='lat' dir='ltr'><strong>centies</strong></span> <span class='ocrx_word' id='word_1_267' title='bbox 557 2193 643 2226; x_wconf 79' lang='lat' dir='ltr'><strong>haec</strong></span> <span class='ocrx_word' id='word_1_268' title='bbox 678 2193 845 2226; x_wconf 53' lang='lat' dir='ltr'><strong>consude-</strong></span> 
     </span>
     <span class='ocr_line' id='line_1_43' title="bbox 38 2239 848 2282; baseline -0.004 -8"><span class='ocrx_word' id='word_1_269' title='bbox 38 2244 138 2282; x_wconf 88' lang='lat' dir='ltr'><strong>runt,</strong></span> <span class='ocrx_word' id='word_1_270' title='bbox 169 2250 232 2272; x_wconf 87' lang='lat' dir='ltr'><strong><em>nec</em></strong></span> <span class='ocrx_word' id='word_1_271' title='bbox 257 2250 372 2272; x_wconf 90' lang='lat' dir='ltr'><strong>eorum</strong></span> <span class='ocrx_word' id='word_1_272' title='bbox 409 2240 444 2272; x_wconf 91' lang='lat' dir='ltr'><strong><em>in</em></strong></span> <span class='ocrx_word' id='word_1_273' title='bbox 468 2239 530 2272; x_wconf 86' lang='lat' dir='ltr'><strong><em>hac</em></strong></span> <span class='ocrx_word' id='word_1_274' title='bbox 554 2251 592 2272; x_wconf 89' lang='lat' dir='ltr'><strong><em>re</em></strong></span> <span class='ocrx_word' id='word_1_275' title='bbox 617 2239 684 2272; x_wconf 68' lang='lat' dir='ltr'><strong>ulta</strong></span> <span class='ocrx_word' id='word_1_276' title='bbox 708 2245 762 2272; x_wconf 87' lang='lat' dir='ltr'><strong><em>est</em></strong></span> <span class='ocrx_word' id='word_1_277' title='bbox 786 2250 848 2271; x_wconf 87' lang='lat' dir='ltr'><strong>au-</strong></span> 
     </span>
     <span class='ocr_line' id='line_1_44' title="bbox 37 2285 847 2329; baseline -0.003 -10"><span class='ocrx_word' id='word_1_278' title='bbox 37 2286 204 2323; x_wconf 78' lang='lat' dir='ltr'><strong>ctoritas3</strong></span> <span class='ocrx_word' id='word_1_279' title='bbox 229 2285 263 2318; x_wconf 83' lang='lat' dir='ltr'><strong><em>id</em></strong></span> <span class='ocrx_word' id='word_1_280' title='bbox 282 2285 372 2328; x_wconf 80' lang='lat' dir='ltr'><strong>quod</strong></span> <span class='ocrx_word' id='word_1_281' title='bbox 394 2285 563 2318; x_wconf 78' lang='lat' dir='ltr'><strong>intellexit</strong></span> <span class='ocrx_word' id='word_1_282' title='bbox 581 2286 744 2329; x_wconf 69' lang='lat' dir='ltr'><strong>Heyneus</strong></span> <span class='ocrx_word' id='word_1_283' title='bbox 768 2295 847 2318; x_wconf 84' lang='lat' dir='ltr'><strong>ann.</strong></span> 
     </span>
     <span class='ocr_line' id='line_1_45' title="bbox 38 2329 848 2375; baseline -0.001 -10"><span class='ocrx_word' id='word_1_284' title='bbox 38 2332 83 2366; x_wconf 87' lang='lat' dir='ltr'><strong><em>ad</em></strong></span> <span class='ocrx_word' id='word_1_285' title='bbox 106 2331 146 2365; x_wconf 80' lang='lat' dir='ltr'><strong><em>ll.</em></strong></span> <span class='ocrx_word' id='word_1_286' title='bbox 170 2329 216 2373; x_wconf 85' lang='grc' dir='ltr'><strong><em>α’,</em></strong></span> <span class='ocrx_word' id='word_1_287' title='bbox 239 2332 318 2365; x_wconf 77' lang='grc'><strong>245.</strong></span> <span class='ocrx_word' id='word_1_288' title='bbox 345 2343 452 2375; x_wconf 88' lang='lat' dir='ltr'><strong>quare</strong></span> <span class='ocrx_word' id='word_1_289' title='bbox 473 2331 626 2364; x_wconf 86' lang='lat' dir='ltr'><strong>dedimus</strong></span> <span class='ocrx_word' id='word_1_290' title='bbox 650 2332 747 2365; x_wconf 86' lang='grc' dir='ltr'><strong><em>ποτί.</em></strong></span> <span class='ocrx_word' id='word_1_291' title='bbox 771 2342 848 2364; x_wconf 83' lang='lat' dir='ltr'><strong><em>nam</em></strong></span> 
     </span>
     <span class='ocr_line' id='line_1_46' title="bbox 19 2378 849 2422; baseline -0.001 -11"><span class='ocrx_word' id='word_1_292' title='bbox 19 2379 210 2422; x_wconf 82' lang='lat' dir='ltr'><strong>·vulgatum</strong></span> <span class='ocrx_word' id='word_1_293' title='bbox 234 2378 299 2412; x_wconf 84' lang='grc' dir='ltr'><strong><em>καί</em></strong></span> <span class='ocrx_word' id='word_1_294' title='bbox 318 2380 424 2415; x_wconf 86' lang='grc' dir='ltr'><strong><em>ποθι.</em></strong></span> <span class='ocrx_word' id='word_1_295' title='bbox 448 2378 539 2422; x_wconf 87' lang='lat' dir='ltr'><strong>quod</strong></span> <span class='ocrx_word' id='word_1_296' title='bbox 565 2384 600 2411; x_wconf 83' lang='lat' dir='ltr'><strong><em>et</em></strong></span> <span class='ocrx_word' id='word_1_297' title='bbox 624 2378 722 2411; x_wconf 83' lang='lat' dir='ltr'><strong>Harl.</strong></span> <span class='ocrx_word' id='word_1_298' title='bbox 743 2378 849 2411; x_wconf 78' lang='lat' dir='ltr'><strong>habet</strong></span> 
     </span>
     <span class='ocr_line' id='line_1_47' title="bbox 37 2423 849 2467; baseline -0.001 -10"><span class='ocrx_word' id='word_1_299' title='bbox 37 2423 129 2457; x_wconf 85' lang='lat' dir='ltr'><strong>inter</strong></span> <span class='ocrx_word' id='word_1_300' title='bbox 151 2435 284 2467; x_wconf 82' lang='lat' dir='ltr'><strong>versus,</strong></span> <span class='ocrx_word' id='word_1_301' title='bbox 309 2435 377 2457; x_wconf 89' lang='lat' dir='ltr'><strong><em>non</em></strong></span> <span class='ocrx_word' id='word_1_302' title='bbox 397 2423 536 2457; x_wconf 77' lang='lat' dir='ltr'><strong>videtur</strong></span> <span class='ocrx_word' id='word_1_303' title='bbox 559 2423 735 2457; x_wconf 83' lang='lat' dir='ltr'><strong>ferendum</strong></span> <span class='ocrx_word' id='word_1_304' title='bbox 760 2434 849 2463; x_wconf 81' lang='lat' dir='ltr'><strong>esse,</strong></span> 
     </span>
     <span class='ocr_line' id='line_1_48' title="bbox 39 2469 848 2516; baseline -0.001 -12"><span class='ocrx_word' id='word_1_305' title='bbox 39 2470 115 2504; x_wconf 83' lang='lat' dir='ltr'><strong>sive</strong></span> <span class='ocrx_word' id='word_1_306' title='bbox 153 2469 250 2505; x_wconf 86' lang='grc' dir='ltr'><strong><em>πόθι</em></strong></span> <span class='ocrx_word' id='word_1_307' title='bbox 289 2469 528 2516; x_wconf 79' lang='lat' dir='ltr'><strong>interpreteris</strong></span> <span class='ocrx_word' id='word_1_308' title='bbox 563 2470 710 2513; x_wconf 78' lang='lat' dir='ltr'><strong>alicubi,</strong></span> <span class='ocrx_word' id='word_1_309' title='bbox 755 2469 848 2514; x_wconf 89' lang='lat' dir='ltr'><strong>quod</strong></span> 
     </span>
     <span class='ocr_line' id='line_1_49' title="bbox 38 2515 845 2562; baseline -0.001 -13"><span class='ocrx_word' id='word_1_310' title='bbox 38 2515 166 2560; x_wconf 79' lang='lat' dir='ltr'><strong>friget,</strong></span> <span class='ocrx_word' id='word_1_311' title='bbox 199 2527 258 2550; x_wconf 86' lang='lat' dir='ltr'><strong><em>seu</em></strong></span> <span class='ocrx_word' id='word_1_312' title='bbox 276 2520 392 2559; x_wconf 77' lang='lat' dir='ltr'><strong>forte,</strong></span> <span class='ocrx_word' id='word_1_313' title='bbox 418 2515 507 2562; x_wconf 89' lang='lat' dir='ltr'><strong>quod</strong></span> <span class='ocrx_word' id='word_1_314' title='bbox 535 2527 675 2560; x_wconf 83' lang='lat' dir='ltr'><strong>prorsus</strong></span> <span class='ocrx_word' id='word_1_315' title='bbox 702 2516 845 2549; x_wconf 84' lang='lat' dir='ltr'><strong>alienum</strong></span> 
     </span>
     <span class='ocr_line' id='line_1_50' title="bbox 38 2561 847 2607; baseline 0.001 -12"><span class='ocrx_word' id='word_1_316' title='bbox 38 2567 104 2595; x_wconf 83' lang='lat' dir='ltr'><strong>est.</strong></span> <span class='ocrx_word' id='word_1_317' title='bbox 145 2568 295 2596; x_wconf 84' lang='lat' dir='ltr'><strong>ceterum</strong></span> <span class='ocrx_word' id='word_1_318' title='bbox 319 2561 417 2597; x_wconf 84' lang='grc' dir='ltr'><strong><em>πόθι</em></strong></span> <span class='ocrx_word' id='word_1_319' title='bbox 439 2563 581 2595; x_wconf 84' lang='lat' dir='ltr'><strong>similius</strong></span> <span class='ocrx_word' id='word_1_320' title='bbox 606 2567 659 2595; x_wconf 80' lang='lat' dir='ltr'><strong><em>est</em></strong></span> <span class='ocrx_word' id='word_1_321' title='bbox 683 2564 734 2607; x_wconf 78' lang='grc' dir='ltr'><strong><em>τῷ</em></strong></span> <span class='ocrx_word' id='word_1_322' title='bbox 761 2562 847 2597; x_wconf 84' lang='grc' dir='ltr'><strong><em>ποτὶ</em></strong></span> 
     </span>
     <span class='ocr_line' id='line_1_51' title="bbox 37 2608 846 2662; baseline 0.001 -22"><span class='ocrx_word' id='word_1_323' title='bbox 37 2619 137 2652; x_wconf 84' lang='lat' dir='ltr'><strong>quam</strong></span> <span class='ocrx_word' id='word_1_324' title='bbox 160 2609 288 2652; x_wconf 82' lang='grc' dir='ltr'><strong><em>προτὶ,</em></strong></span> <span class='ocrx_word' id='word_1_325' title='bbox 324 2621 392 2662; x_wconf 79' lang='lat' dir='ltr'><strong>quo</strong></span> <span class='ocrx_word' id='word_1_326' title='bbox 425 2620 502 2651; x_wconf 55' lang='lat' dir='ltr'><strong>mag,</strong></span> <span class='ocrx_word' id='word_1_327' title='bbox 494 2609 535 2641; x_wconf 89' lang='lat' dir='ltr'><strong><em>is</em></strong></span> <span class='ocrx_word' id='word_1_328' title='bbox 566 2608 650 2641; x_wconf 89' lang='lat' dir='ltr'><strong>illud</strong></span> <span class='ocrx_word' id='word_1_329' title='bbox 674 2608 846 2652; x_wconf 87' lang='lat' dir='ltr'><strong>recipien-</strong></span> 
     </span>
     <span class='ocr_line' id='line_1_52' title="bbox 37 2654 844 2700; baseline 0 -12"><span class='ocrx_word' id='word_1_330' title='bbox 37 2655 116 2688; x_wconf 83' lang='lat' dir='ltr'><strong><em>dum</em></strong></span> <span class='ocrx_word' id='word_1_331' title='bbox 142 2666 218 2688; x_wconf 86' lang='lat' dir='ltr'><strong>esse</strong></span> <span class='ocrx_word' id='word_1_332' title='bbox 244 2655 518 2688; x_wconf 83' lang='lat' dir='ltr'><strong>existimavimus.</strong></span> <span class='ocrx_word' id='word_1_333' title='bbox 554 2654 683 2698; x_wconf 87' lang='lat' dir='ltr'><strong>legitur</strong></span> <span class='ocrx_word' id='word_1_334' title='bbox 708 2666 844 2700; x_wconf 86' lang='lat' dir='ltr'><strong>quoque</strong></span> 
     </span>
     <span class='ocr_line' id='line_1_53' title="bbox 36 2697 846 2743; baseline 0 -9"><span class='ocrx_word' id='word_1_335' title='bbox 36 2699 165 2743; x_wconf 84' lang='lat' dir='ltr'><strong>vulgo·</strong></span> <span class='ocrx_word' id='word_1_336' title='bbox 207 2697 309 2736; x_wconf 85' lang='grc' dir='ltr'><strong><em>τόνδ’</em></strong></span> <span class='ocrx_word' id='word_1_337' title='bbox 341 2699 554 2741; x_wconf 75' lang='grc' dir='ltr'><strong><em>ἐκάλεσσας,</em></strong></span> <span class='ocrx_word' id='word_1_338' title='bbox 587 2701 846 2734; x_wconf 80' lang='lat' dir='ltr'><strong>vehementiore</strong></span> 
     </span>
     <span class='ocr_line' id='line_1_54' title="bbox 36 2745 843 2792; baseline 0.001 -13"><span class='ocrx_word' id='word_1_339' title='bbox 36 2745 171 2790; x_wconf 86' lang='lat' dir='ltr'><strong>quidem</strong></span> <span class='ocrx_word' id='word_1_340' title='bbox 188 2753 296 2782; x_wconf 85' lang='lat' dir='ltr'><strong>metro</strong></span> <span class='ocrx_word' id='word_1_341' title='bbox 321 2747 355 2779; x_wconf 89' lang='lat' dir='ltr'><strong><em>in</em></strong></span> <span class='ocrx_word' id='word_1_342' title='bbox 378 2758 416 2780; x_wconf 90' lang='lat' dir='ltr'><strong><em>re</em></strong></span> <span class='ocrx_word' id='word_1_343' title='bbox 433 2746 628 2792; x_wconf 79' lang='lat' dir='ltr'><strong>tranquilla.</strong></span> <span class='ocrx_word' id='word_1_344' title='bbox 646 2767 690 2771; x_wconf 92' lang='lat'><strong>—</strong></span> <span class='ocrx_word' id='word_1_345' title='bbox 712 2760 767 2781; x_wconf 82' lang='grc' dir='ltr'><strong><em>πο</em></strong></span> <span class='ocrx_word' id='word_1_346' title='bbox 781 2761 843 2788; x_wconf 82' lang='grc' dir='ltr'><strong><em>τι,</em></strong></span> 
     </span>
     <span class='ocr_line' id='line_1_55' title="bbox 34 2792 841 2849; baseline 0.001 -24"><span class='ocrx_word' id='word_1_347' title='bbox 34 2793 195 2848; x_wconf 86' lang='grc' dir='ltr'><strong><em>προτὶ,</em></strong></span> <span class='ocrx_word' id='word_1_348' title='bbox 218 2792 323 2836; x_wconf 78' lang='grc' dir='ltr'><strong><em>πρὸς,</em></strong></span> <span class='ocrx_word' id='word_1_349' title='bbox 344 2794 497 2849; x_wconf 40' lang='lat' dir='ltr'><strong>iusuper,</strong></span> <span class='ocrx_word' id='word_1_350' title='bbox 523 2798 718 2835; x_wconf 81' lang='lat' dir='ltr'><strong>praeterea,</strong></span> <span class='ocrx_word' id='word_1_351' title='bbox 743 2799 782 2826; x_wconf 85' lang='lat' dir='ltr'><strong><em>ut</em></strong></span> <span class='ocrx_word' id='word_1_352' title='bbox 802 2794 841 2826; x_wconf 90' lang='lat' dir='ltr'><strong><em>ll.</em></strong></span> 
     </span>
     <span class='ocr_line' id='line_1_56' title="bbox 67 2836 842 2884; baseline 0.001 -11.047"><span class='ocrx_word' id='word_1_353' title='bbox 67 2841 202 2877; x_wconf 75' lang='lat'><em>‚108.=</em></span> <span class='ocrx_word' id='word_1_354' title='bbox 237 2840 294 2876; x_wconf 83' lang='grc' dir='ltr'><strong><em>σοὶ</em></strong></span> <span class='ocrx_word' id='word_1_355' title='bbox 319 2837 359 2873; x_wconf 76' lang='grc' dir='ltr'><strong><em>δὲ</em></strong></span> <span class='ocrx_word' id='word_1_356' title='bbox 382 2836 470 2882; x_wconf 78' lang='grc' dir='ltr'>μάλ’</span> <span class='ocrx_word' id='word_1_357' title='bbox 501 2837 607 2882; x_wconf 71' lang='grc' dir='ltr'><strong><em>ἕψομ’</em></strong></span> <span class='ocrx_word' id='word_1_358' title='bbox 634 2838 725 2884; x_wconf 80' lang='grc' dir='ltr'><strong><em>ἐγώ·</em></strong></span> <span class='ocrx_word' id='word_1_359' title='bbox 755 2853 842 2874; x_wconf 83' lang='grc' dir='ltr'><strong><em>ποτι</em></strong></span> 
     </span>
    </p>
   </div>
   <div class='ocr_carea' id='block_1_15' title="bbox 891 1396 1714 2656">
    <p class='ocr_par' dir='ltr' id='par_1_19' title="bbox 892 1396 1708 1541">
     <span class='ocr_line' id='line_1_57' title="bbox 894 1396 1706 1446; baseline -0.002 -9"><span class='ocrx_word' id='word_1_360' title='bbox 894 1402 971 1437; x_wconf 63' lang='lat'><strong><em>85:</em></strong></span> <span class='ocrx_word' id='word_1_361' title='bbox 1017 1398 1111 1444; x_wconf 73' lang='grc' dir='ltr'><strong><em>ἅτοὶρ</em></strong></span> <span class='ocrx_word' id='word_1_362' title='bbox 1147 1399 1183 1437; x_wconf 75' lang='grc' dir='ltr'><strong><em>οἳ</em></strong></span> <span class='ocrx_word' id='word_1_363' title='bbox 1216 1398 1433 1445; x_wconf 76' lang='grc' dir='ltr'><strong><em>περικαλλέα</em></strong></span> <span class='ocrx_word' id='word_1_364' title='bbox 1465 1398 1610 1446; x_wconf 82' lang='grc' dir='ltr'><strong><em>κου’ρην</em></strong></span> <span class='ocrx_word' id='word_1_365' title='bbox 1632 1396 1706 1445; x_wconf 77' lang='grc' dir='ltr'><strong><em>’Ἅψ</em></strong></span> 
     </span>
     <span class='ocr_line' id='line_1_58' title="bbox 893 1446 1708 1526; baseline -0.001 -42"><span class='ocrx_word' id='word_1_366' title='bbox 893 1447 1170 1491; x_wconf 74' lang='grc' dir='ltr'><strong><em>ἀπονάσσωσιν,</em></strong></span> <span class='ocrx_word' id='word_1_367' title='bbox 1193 1449 1280 1484; x_wconf 83' lang='grc' dir='ltr'><strong><em>ποτὶ</em></strong></span> <span class='ocrx_word' id='word_1_368' title='bbox 1304 1446 1343 1484; x_wconf 89' lang='grc' dir='ltr'><strong><em>δ’</em></strong></span> <span class='ocrx_word' id='word_1_369' title='bbox 1369 1446 1489 1494; x_wconf 72' lang='grc' dir='ltr'><strong><em>ἀγλαά</em></strong></span> <span class='ocrx_word' id='word_1_370' title='bbox 1512 1447 1618 1526; x_wconf 80' lang='grc' dir='ltr'><strong><em>δῶρα</em></strong></span> <span class='ocrx_word' id='word_1_371' title='bbox 1640 1447 1708 1483; x_wconf 87' lang='grc' dir='ltr'><strong><em>πό-</em></strong></span> 
     </span>
     <span class='ocr_line' id='line_1_59' title="bbox 892 1501 1097 1541; baseline -0.01 -11"><span class='ocrx_word' id='word_1_372' title='bbox 892 1507 1007 1541; x_wconf 82' lang='grc' dir='ltr'><strong><em>ρωσιν</em></strong></span> <span class='ocrx_word' id='word_1_373' title='bbox 1030 1501 1097 1529; x_wconf 88' lang='lat' dir='ltr'><strong>etc.</strong></span> 
     </span>
    </p>

    <p class='ocr_par' dir='ltr' id='par_1_20' title="bbox 891 1539 1708 2656">
     <span class='ocr_line' id='line_1_60' title="bbox 939 1539 1707 1581; baseline -0.005 -4"><span class='ocrx_word' id='word_1_374' title='bbox 939 1542 1153 1577; x_wconf 76' lang='lat'><strong><em>381—390.</em></strong></span> <span class='ocrx_word' id='word_1_375' title='bbox 1189 1539 1328 1581; x_wconf 74' lang='grc' dir='ltr'><strong><em>καλὰ,</em></strong></span> <span class='ocrx_word' id='word_1_376' title='bbox 1360 1540 1492 1581; x_wconf 80' lang='grc' dir='ltr'><strong><em>καλῶς.</em></strong></span> <span class='ocrx_word' id='word_1_377' title='bbox 1517 1559 1566 1565; x_wconf 92' lang='lat'><strong><em>·—-</em></strong></span> <span class='ocrx_word' id='word_1_378' title='bbox 1598 1539 1707 1575; x_wconf 87' lang='lat' dir='ltr'><strong>ordo.</strong></span> 
     </span>
     <span class='ocr_line' id='line_1_61' title="bbox 893 1584 1708 1631; baseline 0 -9"><span class='ocrx_word' id='word_1_379' title='bbox 893 1589 950 1628; x_wconf 86' lang='grc' dir='ltr'><strong><em>τίς</em></strong></span> <span class='ocrx_word' id='word_1_380' title='bbox 975 1601 1044 1631; x_wconf 83' lang='grc' dir='ltr'><strong><em>γαρ</em></strong></span> <span class='ocrx_word' id='word_1_381' title='bbox 1070 1587 1139 1631; x_wconf 83' lang='grc' dir='ltr'><strong><em>δὴ,</em></strong></span> <span class='ocrx_word' id='word_1_382' title='bbox 1165 1587 1281 1628; x_wconf 84' lang='grc' dir='ltr'><strong><em>αντὸς</em></strong></span> <span class='ocrx_word' id='word_1_383' title='bbox 1306 1586 1488 1629; x_wconf 77' lang='grc' dir='ltr'><strong><em>ἐπελθών,</em></strong></span> <span class='ocrx_word' id='word_1_384' title='bbox 1520 1588 1625 1621; x_wconf 75' lang='grc' dir='ltr'><strong><em>καλεῖ</em></strong></span> <span class='ocrx_word' id='word_1_385' title='bbox 1647 1584 1708 1622; x_wconf 76' lang='grc' dir='ltr'><strong><em>ἄλ-</em></strong></span> 
     </span>
     <span class='ocr_line' id='line_1_62' title="bbox 894 1632 1707 1678; baseline -0.004 -9"><span class='ocrx_word' id='word_1_386' title='bbox 894 1632 1008 1669; x_wconf 68' lang='lat' dir='ltr'><strong><em>zoftsv</em></strong></span> <span class='ocrx_word' id='word_1_387' title='bbox 1031 1634 1142 1669; x_wconf 76' lang='grc' dir='ltr'><strong><em>ἄλλον</em></strong></span> <span class='ocrx_word' id='word_1_388' title='bbox 1165 1647 1202 1678; x_wconf 59' lang='lat' dir='ltr'><strong><em>ys</em></strong></span> <span class='ocrx_word' id='word_1_389' title='bbox 1226 1635 1370 1676; x_wconf 78' lang='grc' dir='ltr'><strong><em>ξεῖνον,</em></strong></span> <span class='ocrx_word' id='word_1_390' title='bbox 1394 1635 1427 1668; x_wconf 89' lang='lat' dir='ltr'><strong><em>h.</em></strong></span> <span class='ocrx_word' id='word_1_391' title='bbox 1452 1646 1483 1668; x_wconf 86' lang='lat' dir='ltr'><strong>e.</strong></span> <span class='ocrx_word' id='word_1_392' title='bbox 1514 1647 1564 1673; x_wconf 87' lang='grc' dir='ltr'><strong><em>ως</em></strong></span> <span class='ocrx_word' id='word_1_393' title='bbox 1587 1633 1707 1676; x_wconf 80' lang='grc' dir='ltr'><strong><em>ξένον,</em></strong></span> 
     </span>
     <span class='ocr_line' id='line_1_63' title="bbox 896 1678 1708 1727; baseline -0.002 -12"><span class='ocrx_word' id='word_1_394' title='bbox 896 1678 988 1716; x_wconf 82' lang='grc' dir='ltr'><strong><em>ω’στε</em></strong></span> <span class='ocrx_word' id='word_1_395' title='bbox 1012 1682 1117 1724; x_wconf 72' lang='grc' dir='ltr'><strong><em>ξένον</em></strong></span> <span class='ocrx_word' id='word_1_396' title='bbox 1142 1680 1243 1727; x_wconf 84' lang='grc' dir='ltr'><strong><em>αυτῷ</em></strong></span> <span class='ocrx_word' id='word_1_397' title='bbox 1277 1679 1385 1715; x_wconf 81' lang='grc' dir='ltr'><strong><em>εἶναι.</em></strong></span> <span class='ocrx_word' id='word_1_398' title='bbox 1423 1686 1520 1714; x_wconf 83' lang='lat' dir='ltr'><strong>vates</strong></span> <span class='ocrx_word' id='word_1_399' title='bbox 1556 1686 1708 1713; x_wconf 75' lang='lat' dir='ltr'><strong>tantum-</strong></span> 
     </span>
     <span class='ocr_line' id='line_1_64' title="bbox 895 1727 1706 1771; baseline -0.002 -10"><span class='ocrx_word' id='word_1_400' title='bbox 895 1728 1017 1769; x_wconf 82' lang='lat' dir='ltr'><strong>modo,</strong></span> <span class='ocrx_word' id='word_1_401' title='bbox 1050 1727 1219 1769; x_wconf 83' lang='lat' dir='ltr'><strong>medicos,</strong></span> <span class='ocrx_word' id='word_1_402' title='bbox 1258 1727 1421 1771; x_wconf 79' lang='lat' dir='ltr'><strong>opificeS,</strong></span> <span class='ocrx_word' id='word_1_403' title='bbox 1455 1727 1511 1760; x_wconf 83' lang='lat' dir='ltr'><strong><em>vel</em></strong></span> <span class='ocrx_word' id='word_1_404' title='bbox 1533 1733 1706 1768; x_wconf 81' lang='lat' dir='ltr'><strong>cantores,</strong></span> 
     </span>
     <span class='ocr_line' id='line_1_65' title="bbox 896 1773 1707 1817; baseline -0.002 -9"><span class='ocrx_word' id='word_1_405' title='bbox 896 1775 986 1808; x_wconf 86' lang='lat' dir='ltr'><strong>ultro</strong></span> <span class='ocrx_word' id='word_1_406' title='bbox 1012 1773 1139 1807; x_wconf 86' lang='lat' dir='ltr'><strong>arcessi</strong></span> <span class='ocrx_word' id='word_1_407' title='bbox 1165 1774 1224 1814; x_wconf 76' lang='lat' dir='ltr'><strong>ait,</strong></span> <span class='ocrx_word' id='word_1_408' title='bbox 1248 1780 1286 1806; x_wconf 83' lang='lat' dir='ltr'><strong><em>ut</em></strong></span> <span class='ocrx_word' id='word_1_409' title='bbox 1309 1774 1342 1806; x_wconf 91' lang='lat' dir='ltr'><strong><em>in</em></strong></span> <span class='ocrx_word' id='word_1_410' title='bbox 1360 1773 1505 1817; x_wconf 82' lang='lat' dir='ltr'><strong>alicujus</strong></span> <span class='ocrx_word' id='word_1_411' title='bbox 1521 1773 1707 1817; x_wconf 82' lang='lat' dir='ltr'><strong>hospitium</strong></span> 
     </span>
     <span class='ocr_line' id='line_1_66' title="bbox 896 1819 1707 1860; baseline 0 -8"><span class='ocrx_word' id='word_1_412' title='bbox 896 1819 1145 1860; x_wconf 76' lang='lat' dir='ltr'><strong>devertantur3</strong></span> <span class='ocrx_word' id='word_1_413' title='bbox 1179 1819 1351 1853; x_wconf 86' lang='lat' dir='ltr'><strong>mendicos</strong></span> <span class='ocrx_word' id='word_1_414' title='bbox 1382 1825 1495 1853; x_wconf 83' lang='lat' dir='ltr'><strong>autem</strong></span> <span class='ocrx_word' id='word_1_415' title='bbox 1518 1820 1707 1853; x_wconf 83' lang='lat' dir='ltr'><strong>molestiam</strong></span> 
     </span>
     <span class='ocr_line' id='line_1_67' title="bbox 896 1866 1707 1910; baseline 0.002 -12"><span class='ocrx_word' id='word_1_416' title='bbox 896 1866 1100 1899; x_wconf 60' lang='lat' dir='ltr'><strong>exhibentes</strong></span> <span class='ocrx_word' id='word_1_417' title='bbox 1112 1878 1274 1899; x_wconf 75' lang='lat' dir='ltr'><strong>neminem</strong></span> <span class='ocrx_word' id='word_1_418' title='bbox 1286 1877 1473 1899; x_wconf 84' lang='lat' dir='ltr'><strong>arcessere</strong></span> <span class='ocrx_word' id='word_1_419' title='bbox 1487 1886 1533 1892; x_wconf 90' lang='lat'><strong><em>—-</em></strong></span> <span class='ocrx_word' id='word_1_420' title='bbox 1553 1866 1604 1899; x_wconf 86' lang='grc' dir='ltr'><strong><em>Ε·</em></strong></span> <span class='ocrx_word' id='word_1_421' title='bbox 1625 1868 1707 1910; x_wconf 79' lang='grc' dir='ltr'><strong><em>δη-</em></strong></span> 
     </span>
     <span class='ocr_line' id='line_1_68' title="bbox 895 1910 1708 1956; baseline 0 -10"><span class='ocrx_word' id='word_1_422' title='bbox 895 1913 1119 1956; x_wconf 76' lang='grc' dir='ltr'><strong><em>μιοεργοί</em></strong></span> <span class='ocrx_word' id='word_1_423' title='bbox 1140 1911 1202 1955; x_wconf 85' lang='grc' dir='ltr'><strong><em>(τ’,</em></strong></span> <span class='ocrx_word' id='word_1_424' title='bbox 1213 1913 1310 1956; x_wconf 85' lang='lat'><em>135).</em></span> <span class='ocrx_word' id='word_1_425' title='bbox 1338 1910 1502 1946; x_wconf 79' lang='grc' dir='ltr'><strong><em>τουτέστι</em></strong></span> <span class='ocrx_word' id='word_1_426' title='bbox 1522 1913 1708 1956; x_wconf 82' lang='grc' dir='ltr'><strong><em>δημιουρ-</em></strong></span> 
     </span>
     <span class='ocr_line' id='line_1_69' title="bbox 894 1957 1708 2004; baseline 0.002 -12"><span class='ocrx_word' id='word_1_427' title='bbox 894 1958 953 2002; x_wconf 76' lang='grc' dir='ltr'><strong><em>γοὶ</em></strong></span> <span class='ocrx_word' id='word_1_428' title='bbox 972 1957 1068 1992; x_wconf 76' lang='grc' dir='ltr'><strong><em>κατὰ</em></strong></span> <span class='ocrx_word' id='word_1_429' title='bbox 1088 1960 1230 2002; x_wconf 78' lang='grc' dir='ltr'><strong><em>κρᾶσιν,</em></strong></span> <span class='ocrx_word' id='word_1_430' title='bbox 1250 1959 1408 2002; x_wconf 83' lang='grc' dir='ltr'><strong><em>τεχνίται</em></strong></span> <span class='ocrx_word' id='word_1_431' title='bbox 1421 1959 1617 2004; x_wconf 85' lang='grc' dir='ltr'><strong><em>δημοσία’</em></strong></span> <span class='ocrx_word' id='word_1_432' title='bbox 1601 1973 1708 2004; x_wconf 62' lang='lat' dir='ltr'><strong><em>5921oe-</em></strong></span> 
     </span>
     <span class='ocr_line' id='line_1_70' title="bbox 893 2003 1706 2049; baseline 0.004 -11"><span class='ocrx_word' id='word_1_433' title='bbox 893 2003 1054 2048; x_wconf 77' lang='grc' dir='ltr'><strong><em>ζόμενοι.</em></strong></span> <span class='ocrx_word' id='word_1_434' title='bbox 1080 2008 1151 2039; x_wconf 87' lang='lat' dir='ltr'><strong><em>Am.</em></strong></span> <span class='ocrx_word' id='word_1_435' title='bbox 1166 2007 1222 2040; x_wconf 66' lang='lat'><strong><em>2:</em></strong></span> <span class='ocrx_word' id='word_1_436' title='bbox 1251 2005 1488 2049; x_wconf 76' lang='grc' dir='ltr'><strong><em>χειροτέχναι,</em></strong></span> <span class='ocrx_word' id='word_1_437' title='bbox 1520 2007 1706 2049; x_wconf 83' lang='grc' dir='ltr'><strong><em>δημοσίαν</em></strong></span> 
     </span>
     <span class='ocr_line' id='line_1_71' title="bbox 891 2049 1705 2096; baseline 0.002 -12"><span class='ocrx_word' id='word_1_438' title='bbox 891 2050 1108 2095; x_wconf 76' lang='grc' dir='ltr'><strong><em>παρέχοντες</em></strong></span> <span class='ocrx_word' id='word_1_439' title='bbox 1133 2049 1200 2096; x_wconf 84' lang='grc' dir='ltr'><strong><em>τὴν</em></strong></span> <span class='ocrx_word' id='word_1_440' title='bbox 1217 2051 1360 2086; x_wconf 73' lang='grc' dir='ltr'><strong><em>ἑαυτῶν</em></strong></span> <span class='ocrx_word' id='word_1_441' title='bbox 1377 2053 1516 2096; x_wconf 82' lang='grc' dir='ltr'><strong><em>τέχνην.</em></strong></span> <span class='ocrx_word' id='word_1_442' title='bbox 1543 2053 1705 2096; x_wconf 73' lang='lat' dir='ltr'><strong>operarii,</strong></span> 
     </span>
     <span class='ocr_line' id='line_1_72' title="bbox 892 2098 1704 2148; baseline 0.004 -17"><span class='ocrx_word' id='word_1_443' title='bbox 892 2109 952 2131; x_wconf 86' lang='lat' dir='ltr'><strong><em>seu</em></strong></span> <span class='ocrx_word' id='word_1_444' title='bbox 965 2098 1112 2131; x_wconf 80' lang='lat' dir='ltr'><strong>ministri</strong></span> <span class='ocrx_word' id='word_1_445' title='bbox 1127 2099 1268 2142; x_wconf 84' lang='lat' dir='ltr'><strong>publici.</strong></span> <span class='ocrx_word' id='word_1_446' title='bbox 1282 2117 1320 2123; x_wconf 89' lang='lat'>—</span> <span class='ocrx_word' id='word_1_447' title='bbox 1337 2100 1385 2143; x_wconf 83' lang='grc' dir='ltr'><strong><em>ἰη</em></strong></span> <span class='ocrx_word' id='word_1_448' title='bbox 1397 2098 1448 2143; x_wconf 85' lang='grc' dir='ltr'><strong><em>τῆ</em></strong></span> <span class='ocrx_word' id='word_1_449' title='bbox 1459 2111 1514 2148; x_wconf 85' lang='grc' dir='ltr'><strong><em>ρα</em></strong></span> <span class='ocrx_word' id='word_1_450' title='bbox 1533 2112 1618 2134; x_wconf 76' lang='lat' dir='ltr'><strong><em>nan</em></strong></span> <span class='ocrx_word' id='word_1_451' title='bbox 1632 2099 1704 2134; x_wconf 79' lang='grc' dir='ltr'><strong><em>ῶν.</em></strong></span> 
     </span>
     <span class='ocr_line' id='line_1_73' title="bbox 892 2141 1714 2202; baseline 0.005 -25"><span class='ocrx_word' id='word_1_452' title='bbox 892 2144 927 2177; x_wconf 82' lang='lat' dir='ltr'><strong><em>h.</em></strong></span> <span class='ocrx_word' id='word_1_453' title='bbox 953 2156 983 2177; x_wconf 86' lang='lat' dir='ltr'><strong>e.</strong></span> <span class='ocrx_word' id='word_1_454' title='bbox 1007 2141 1139 2185; x_wconf 87' lang='grc' dir='ltr'><strong><em>νόσων,</em></strong></span> <span class='ocrx_word' id='word_1_455' title='bbox 1171 2150 1209 2177; x_wconf 86' lang='lat' dir='ltr'><strong>ut</strong></span> <span class='ocrx_word' id='word_1_456' title='bbox 1231 2144 1380 2186; x_wconf 75' lang='lat' dir='ltr'><strong>sciiptor</strong></span> <span class='ocrx_word' id='word_1_457' title='bbox 1404 2143 1537 2202; x_wconf 65' lang='lat' dir='ltr'><strong>1131&#39;uni2</strong></span> <span class='ocrx_word' id='word_1_458' title='bbox 1569 2146 1714 2197; x_wconf 79' lang='grc' dir='ltr'><strong><em>ἰητῆρα</em></strong></span> 
     </span>
     <span class='ocr_line' id='line_1_74' title="bbox 891 2182 1714 2236; baseline 0.004 -12"><span class='ocrx_word' id='word_1_459' title='bbox 891 2188 1015 2224; x_wconf 88' lang='grc' dir='ltr'><strong><em>νόσων</em></strong></span> <span class='ocrx_word' id='word_1_460' title='bbox 1045 2188 1256 2236; x_wconf 76' lang='grc' dir='ltr'><strong><em>Ἀσκληπιὸν</em></strong></span> <span class='ocrx_word' id='word_1_461' title='bbox 1290 2190 1419 2235; x_wconf 73' lang='grc' dir='ltr'><strong><em>ἄρχομ’</em></strong></span> <span class='ocrx_word' id='word_1_462' title='bbox 1454 2191 1604 2228; x_wconf 71' lang='grc' dir='ltr'><strong><em>ἀείδειν.</em></strong></span> <span class='ocrx_word' id='word_1_463' title='bbox 1651 2182 1714 2227; x_wconf 77' lang='lat' dir='ltr'><strong><em>E:</em></strong></span> 
     </span>
     <span class='ocr_line' id='line_1_75' title="bbox 893 2235 1705 2294; baseline 0.004 -24"><span class='ocrx_word' id='word_1_464' title='bbox 893 2235 936 2270; x_wconf 87' lang='grc' dir='ltr'><strong><em>τὸ</em></strong></span> <span class='ocrx_word' id='word_1_465' title='bbox 963 2237 1009 2281; x_wconf 85' lang='grc' dir='ltr'><strong><em>ἰη</em></strong></span> <span class='ocrx_word' id='word_1_466' title='bbox 1022 2250 1052 2270; x_wconf 88' lang='grc' dir='ltr'><strong><em>τ.</em></strong></span> <span class='ocrx_word' id='word_1_467' title='bbox 1078 2238 1228 2272; x_wconf 80' lang='grc' dir='ltr'><strong><em>κακῶν</em></strong></span> <span class='ocrx_word' id='word_1_468' title='bbox 1252 2235 1402 2279; x_wconf 69' lang='grc' dir='ltr'><strong><em>ἐντελῶς</em></strong></span> <span class='ocrx_word' id='word_1_469' title='bbox 1426 2237 1615 2294; x_wconf 71' lang='grc' dir='ltr'><strong><em>ἐφράσθη,</em></strong></span> <span class='ocrx_word' id='word_1_470' title='bbox 1637 2252 1705 2275; x_wconf 81' lang='grc' dir='ltr'><strong><em>κα·-</em></strong></span> 
     </span>
     <span class='ocr_line' id='line_1_76' title="bbox 893 2279 1704 2329; baseline 0.005 -12"><span class='ocrx_word' id='word_1_471' title='bbox 893 2279 950 2317; x_wconf 77' lang='grc' dir='ltr'><strong><em>θα</em></strong></span> <span class='ocrx_word' id='word_1_472' title='bbox 984 2283 1121 2318; x_wconf 81' lang='grc' dir='ltr'><strong><em>καὶτὸ</em></strong></span> <span class='ocrx_word' id='word_1_473' title='bbox 1169 2284 1378 2319; x_wconf 84' lang='grc' dir='ltr'><strong><em>τέκτονα</em></strong></span> <span class='ocrx_word' id='word_1_474' title='bbox 1416 2284 1614 2329; x_wconf 76' lang='grc' dir='ltr'><strong><em>δούρων.</em></strong></span> <span class='ocrx_word' id='word_1_475' title='bbox 1659 2282 1704 2321; x_wconf 76' lang='grc' dir='ltr'><strong><em>τό</em></strong></span> 
     </span>
     <span class='ocr_line' id='line_1_77' title="bbox 893 2329 1705 2386; baseline 0.002 -22"><span class='ocrx_word' id='word_1_476' title='bbox 893 2329 1020 2373; x_wconf 79' lang='grc' dir='ltr'><strong><em>μέντοι</em></strong></span> <span class='ocrx_word' id='word_1_477' title='bbox 1056 2329 1163 2386; x_wconf 81' lang='grc' dir='ltr'><strong><em>ἰητὴρ</em></strong></span> <span class='ocrx_word' id='word_1_478' title='bbox 1187 2329 1291 2365; x_wconf 85' lang='grc' dir='ltr'><strong><em>κ.τό</em></strong></span> <span class='ocrx_word' id='word_1_479' title='bbox 1316 2332 1450 2367; x_wconf 81' lang='grc' dir='ltr'><strong><em>τέκτων</em></strong></span> <span class='ocrx_word' id='word_1_480' title='bbox 1476 2332 1705 2373; x_wconf 77' lang='grc' dir='ltr'><strong><em>ἐλλειπτικῶς</em></strong></span> 
     </span>
     <span class='ocr_line' id='line_1_78' title="bbox 893 2376 1705 2422; baseline 0.004 -12"><span class='ocrx_word' id='word_1_481' title='bbox 893 2376 1073 2420; x_wconf 75' lang='grc' dir='ltr'><strong><em>λέγονται.</em></strong></span> <span class='ocrx_word' id='word_1_482' title='bbox 1112 2377 1292 2412; x_wconf 85' lang='grc' dir='ltr'><strong><em>τέκτων</em></strong></span> <span class='ocrx_word' id='word_1_483' title='bbox 1317 2377 1358 2413; x_wconf 82' lang='grc' dir='ltr'><strong><em>δὲ</em></strong></span> <span class='ocrx_word' id='word_1_484' title='bbox 1383 2378 1577 2422; x_wconf 75' lang='grc' dir='ltr'><strong><em>δούρων</em></strong></span> <span class='ocrx_word' id='word_1_485' title='bbox 1602 2381 1705 2414; x_wconf 84' lang='grc' dir='ltr'><strong><em>οἰκο-</em></strong></span> 
     </span>
     <span class='ocr_line' id='line_1_79' title="bbox 894 2421 1705 2468; baseline 0.002 -10"><span class='ocrx_word' id='word_1_486' title='bbox 894 2424 1012 2466; x_wconf 81' lang='grc' dir='ltr'><strong><em>δόμος</em></strong></span> <span class='ocrx_word' id='word_1_487' title='bbox 1034 2436 1073 2458; x_wconf 85' lang='grc' dir='ltr'><strong><em>τε</em></strong></span> <span class='ocrx_word' id='word_1_488' title='bbox 1097 2437 1129 2459; x_wconf 87' lang='grc' dir='ltr'><strong><em>κ.</em></strong></span> <span class='ocrx_word' id='word_1_489' title='bbox 1151 2422 1362 2468; x_wconf 74' lang='grc' dir='ltr'><strong><em>ναυπηγὸς,</em></strong></span> <span class='ocrx_word' id='word_1_490' title='bbox 1396 2439 1428 2460; x_wconf 86' lang='grc' dir='ltr'><strong><em>κ.</em></strong></span> <span class='ocrx_word' id='word_1_491' title='bbox 1455 2424 1579 2466; x_wconf 79' lang='grc' dir='ltr'><strong><em>ἁπλῶς</em></strong></span> <span class='ocrx_word' id='word_1_492' title='bbox 1603 2421 1705 2466; x_wconf 68' lang='lat' dir='ltr'><strong>olnae</strong></span> 
     </span>
     <span class='ocr_line' id='line_1_80' title="bbox 895 2467 1704 2517; baseline 0.004 -13"><span class='ocrx_word' id='word_1_493' title='bbox 895 2467 914 2504; x_wconf 87' lang='lat'><strong><em>6</em></strong></span> <span class='ocrx_word' id='word_1_494' title='bbox 942 2468 1117 2505; x_wconf 81' lang='grc' dir='ltr'><strong><em>ὁπωσοῦν</em></strong></span> <span class='ocrx_word' id='word_1_495' title='bbox 1142 2472 1370 2514; x_wconf 60' lang='grc' dir='ltr'><strong><em>διακείμενος</em></strong></span> <span class='ocrx_word' id='word_1_496' title='bbox 1394 2473 1476 2517; x_wconf 77' lang='grc' dir='ltr'><strong><em>περὶ</em></strong></span> <span class='ocrx_word' id='word_1_497' title='bbox 1506 2471 1704 2517; x_wconf 78' lang='grc' dir='ltr'><strong><em>ἐπισκευήν</em></strong></span> 
     </span>
     <span class='ocr_line' id='line_1_81' title="bbox 894 2514 1704 2562; baseline 0.004 -12"><span class='ocrx_word' id='word_1_498' title='bbox 894 2514 1006 2558; x_wconf 76' lang='grc' dir='ltr'><strong><em>ξύλου</em></strong></span> <span class='ocrx_word' id='word_1_499' title='bbox 1047 2517 1176 2560; x_wconf 78' lang='lat' dir='ltr'><strong>(faber</strong></span> <span class='ocrx_word' id='word_1_500' title='bbox 1205 2519 1405 2562; x_wconf 81' lang='lat' dir='ltr'><strong>lignarius).</strong></span> <span class='ocrx_word' id='word_1_501' title='bbox 1438 2537 1483 2543; x_wconf 90' lang='lat'><strong><em>—-</em></strong></span> <span class='ocrx_word' id='word_1_502' title='bbox 1523 2518 1704 2553; x_wconf 76' lang='grc' dir='ltr'><strong><em>θέσπιν</em></strong></span> 
     </span>
     <span class='ocr_line' id='line_1_82' title="bbox 892 2561 1703 2608; baseline 0.004 -12"><span class='ocrx_word' id='word_1_503' title='bbox 892 2561 1082 2605; x_wconf 74' lang='grc' dir='ltr'><strong><em>ἀοιδὸν,</em></strong></span> <span class='ocrx_word' id='word_1_504' title='bbox 1115 2568 1153 2596; x_wconf 85' lang='lat' dir='ltr'><strong><em>ut</em></strong></span> <span class='ocrx_word' id='word_1_505' title='bbox 1176 2563 1309 2598; x_wconf 80' lang='grc' dir='ltr'><strong><em>θέσπιν</em></strong></span> <span class='ocrx_word' id='word_1_506' title='bbox 1335 2563 1472 2608; x_wconf 79' lang='grc' dir='ltr'><strong><em>ᾰοιδὴν</em></strong></span> <span class='ocrx_word' id='word_1_507' title='bbox 1501 2578 1547 2608; x_wconf 86' lang='grc' dir='ltr'><strong><em>α,</em></strong></span> <span class='ocrx_word' id='word_1_508' title='bbox 1574 2567 1642 2601; x_wconf 74' lang='grc'><strong>328</strong></span> <span class='ocrx_word' id='word_1_509' title='bbox 1666 2570 1703 2599; x_wconf 83' lang='lat' dir='ltr'><strong><em>et</em></strong></span> 
     </span>
     <span class='ocr_line' id='line_1_83' title="bbox 892 2609 1703 2656; baseline 0.004 -13"><span class='ocrx_word' id='word_1_510' title='bbox 892 2609 990 2651; x_wconf 81' lang='lat' dir='ltr'><strong>alias,</strong></span> <span class='ocrx_word' id='word_1_511' title='bbox 1015 2610 1047 2642; x_wconf 92' lang='lat' dir='ltr'><strong><em>h.</em></strong></span> <span class='ocrx_word' id='word_1_512' title='bbox 1067 2621 1097 2644; x_wconf 90' lang='lat' dir='ltr'><strong>e.</strong></span> <span class='ocrx_word' id='word_1_513' title='bbox 1122 2611 1244 2652; x_wconf 76' lang='grc' dir='ltr'><strong><em>θεῖον,</em></strong></span> <span class='ocrx_word' id='word_1_514' title='bbox 1273 2609 1422 2656; x_wconf 79' lang='grc' dir='ltr'><strong><em>ἐρίηρον</em></strong></span> <span class='ocrx_word' id='word_1_515' title='bbox 1446 2616 1514 2646; x_wconf 82' lang='lat' dir='ltr'><strong>etc.</strong></span> <span class='ocrx_word' id='word_1_516' title='bbox 1531 2630 1577 2637; x_wconf 93' lang='lat'>-</span> <span class='ocrx_word' id='word_1_517' title='bbox 1599 2614 1703 2654; x_wconf 77' lang='grc' dir='ltr'><strong><em>κλη-</em></strong></span> 
     </span>
    </p>
   </div>
   <div class='ocr_carea' id='block_1_16' title="bbox 890 2655 1702 2795">
    <p class='ocr_par' dir='ltr' id='par_1_21' title="bbox 890 2655 1702 2795">
     <span class='ocr_line' id='line_1_84' title="bbox 892 2655 1702 2712; baseline 0.006 -24"><span class='ocrx_word' id='word_1_518' title='bbox 892 2655 979 2696; x_wconf 85' lang='grc' dir='ltr'><strong><em>τοὶ,</em></strong></span> <span class='ocrx_word' id='word_1_519' title='bbox 1003 2656 1128 2696; x_wconf 75' lang='lat' dir='ltr'><strong>vocati,</strong></span> <span class='ocrx_word' id='word_1_520' title='bbox 1153 2657 1210 2700; x_wconf 86' lang='lat' dir='ltr'><strong><em>qui</em></strong></span> <span class='ocrx_word' id='word_1_521' title='bbox 1238 2658 1356 2691; x_wconf 82' lang='lat' dir='ltr'><strong>vocari</strong></span> <span class='ocrx_word' id='word_1_522' title='bbox 1380 2658 1501 2712; x_wconf 83' lang='lat' dir='ltr'><strong>solent.</strong></span> <span class='ocrx_word' id='word_1_523' title='bbox 1527 2678 1572 2684; x_wconf 92' lang='lat'><strong><em>—-</em></strong></span> <span class='ocrx_word' id='word_1_524' title='bbox 1593 2657 1702 2704; x_wconf 82' lang='grc' dir='ltr'><strong><em>τρύ-</em></strong></span> 
     </span>
     <span class='ocr_line' id='line_1_85' title="bbox 891 2702 1702 2744; baseline 0.004 -8"><span class='ocrx_word' id='word_1_525' title='bbox 891 2702 976 2744; x_wconf 79' lang='grc' dir='ltr'><strong><em>ξον</em></strong></span> <span class='ocrx_word' id='word_1_526' title='bbox 988 2715 1058 2744; x_wconf 86' lang='grc' dir='ltr'><strong><em>τα,</em></strong></span> <span class='ocrx_word' id='word_1_527' title='bbox 1101 2704 1314 2738; x_wconf 69' lang='lat' dir='ltr'><strong>aur-iturum.</strong></span> <span class='ocrx_word' id='word_1_528' title='bbox 1361 2703 1410 2743; x_wconf 85' lang='grc' dir='ltr'><strong><em>α’,</em></strong></span> <span class='ocrx_word' id='word_1_529' title='bbox 1445 2705 1514 2738; x_wconf 70' lang='lat'><strong><em>248</em></strong></span> <span class='ocrx_word' id='word_1_530' title='bbox 1551 2708 1619 2739; x_wconf 83' lang='lat' dir='ltr'><strong>etc.</strong></span> <span class='ocrx_word' id='word_1_531' title='bbox 1655 2722 1702 2730; x_wconf 88' lang='lat'><strong><em>—-</em></strong></span> 
     </span>
     <span class='ocr_line' id='line_1_86' title="bbox 890 2746 1702 2795; baseline 0.007 -14"><span class='ocrx_word' id='word_1_532' title='bbox 890 2746 996 2783; x_wconf 68' lang='grc' dir='ltr'><strong><em>ἀλλ’</em></strong></span> <span class='ocrx_word' id='word_1_533' title='bbox 1027 2767 1073 2773; x_wconf 85' lang='grc'>-</span> <span class='ocrx_word' id='word_1_534' title='bbox 1106 2746 1224 2792; x_wconf 77' lang='grc' dir='ltr'><strong><em>ἐμοί.</em></strong></span> <span class='ocrx_word' id='word_1_535' title='bbox 1262 2750 1306 2782; x_wconf 83' lang='lat' dir='ltr'><strong><em>cf.</em></strong></span> <span class='ocrx_word' id='word_1_536' title='bbox 1345 2747 1393 2790; x_wconf 80' lang='grc' dir='ltr'><strong><em>α’,</em></strong></span> <span class='ocrx_word' id='word_1_537' title='bbox 1417 2751 1464 2785; x_wconf 87' lang='grc'><strong><em>66</em></strong></span> <span class='ocrx_word' id='word_1_538' title='bbox 1491 2755 1559 2784; x_wconf 86' lang='lat' dir='ltr'><strong>etc.</strong></span> <span class='ocrx_word' id='word_1_539' title='bbox 1593 2748 1702 2795; x_wconf 83' lang='grc' dir='ltr'><strong><em>πέρι</em></strong></span> 
     </span>
    </p>
   </div>
   <div class='ocr_carea' id='block_1_17' title="bbox 890 2788 1701 2888">
    <p class='ocr_par' dir='ltr' id='par_1_22' title="bbox 890 2788 1701 2887">
     <span class='ocr_line' id='line_1_87' title="bbox 890 2788 1701 2839; baseline 0.001 -9"><span class='ocrx_word' id='word_1_540' title='bbox 890 2791 930 2830; x_wconf 81' lang='lat'><strong><em>6’</em></strong></span> <span class='ocrx_word' id='word_1_541' title='bbox 956 2788 1045 2829; x_wconf 63' lang='lat' dir='ltr'><strong>miv</strong></span> <span class='ocrx_word' id='word_1_542' title='bbox 1056 2791 1382 2839; x_wconf 46' lang='lat' dir='ltr'><strong>&#39;gunhinprimis</strong></span> <span class='ocrx_word' id='word_1_543' title='bbox 1402 2802 1519 2831; x_wconf 83' lang='lat' dir='ltr'><strong>autem</strong></span> <span class='ocrx_word' id='word_1_544' title='bbox 1538 2798 1635 2834; x_wconf 79' lang='lat' dir='ltr'><strong>mihi.</strong></span> <span class='ocrx_word' id='word_1_545' title='bbox 1654 2816 1701 2824; x_wconf 87' lang='lat'><strong><em>--</em></strong></span> 
     </span>
     <span class='ocr_line' id='line_1_88' title="bbox 890 2838 1700 2888; baseline 0.001 -12"><span class='ocrx_word' id='word_1_546' title='bbox 890 2854 974 2876; x_wconf 83' lang='grc' dir='ltr'><strong><em>ουκ</em></strong></span> <span class='ocrx_word' id='word_1_547' title='bbox 999 2838 1379 2886; x_wconf 66' lang='grc' dir='ltr'><strong><em>οἶλέγω,κοηοιινο.</em></strong></span> <span class='ocrx_word' id='word_1_548' title='bbox 1411 2841 1700 2888; x_wconf 72' lang='grc' dir='ltr'><strong><em>ζ’,268,11.θ’,</em></strong></span> 
     </span>
    </p>
   </div>
   <div class='ocr_carea' id='block_1_18' title="bbox 35 2882 1047 2931">
    <p class='ocr_par' dir='ltr' id='par_1_23' title="bbox 35 2882 1047 2931">
     <span class='ocr_line' id='line_1_89' title="bbox 35 2882 1047 2931; baseline 0.003 -12"><span class='ocrx_word' id='word_1_549' title='bbox 35 2882 75 2919; x_wconf 79' lang='grc' dir='ltr'><strong><em>δ’</em></strong></span> <span class='ocrx_word' id='word_1_550' title='bbox 102 2897 150 2920; x_wconf 79' lang='lat' dir='ltr'><strong><em>av</em></strong></span> <span class='ocrx_word' id='word_1_551' title='bbox 176 2885 238 2921; x_wconf 82' lang='grc' dir='ltr'><strong><em>καὶ</em></strong></span> <span class='ocrx_word' id='word_1_552' title='bbox 267 2885 453 2931; x_wconf 79' lang='grc' dir='ltr'><strong><em>ἐγείρομεν</em></strong></span> <span class='ocrx_word' id='word_1_553' title='bbox 485 2883 639 2928; x_wconf 64' lang='grc' dir='ltr'><strong><em>ἄλλους,</em></strong></span> <span class='ocrx_word' id='word_1_554' title='bbox 672 2897 739 2931; x_wconf 88' lang='lat' dir='ltr'><strong>quo</strong></span> <span class='ocrx_word' id='word_1_555' title='bbox 763 2886 839 2920; x_wconf 89' lang='lat' dir='ltr'><strong>loco</strong></span> <span class='ocrx_word' id='word_1_556' title='bbox 886 2889 953 2923; x_wconf 81' lang='lat'><strong><em>481</em></strong></span> <span class='ocrx_word' id='word_1_557' title='bbox 980 2892 1047 2922; x_wconf 80' lang='lat' dir='ltr'><strong>ete.</strong></span> 
     </span>
    </p>
   </div>
   <div class='ocr_carea' id='block_1_19' title="bbox 2 2929 840 2992">
    <p class='ocr_par' dir='ltr' id='par_1_24' title="bbox 2 2929 840 2992">
     <span class='ocr_line' id='line_1_90' title="bbox 2 2929 840 2992; baseline 0.008 -30"><span class='ocrx_word' id='word_1_558' title='bbox 2 2987 12 2992; x_wconf 32' lang='lat'>‘</span> <span class='ocrx_word' id='word_1_559' title='bbox 35 2929 89 2967; x_wconf 84' lang='lat' dir='ltr'><strong><em>Cl.</em></strong></span> <span class='ocrx_word' id='word_1_560' title='bbox 126 2937 162 2966; x_wconf 87' lang='lat' dir='ltr'><strong><em>et</em></strong></span> <span class='ocrx_word' id='word_1_561' title='bbox 195 2931 255 2968; x_wconf 84' lang='lat' dir='ltr'><strong>alii</strong></span> <span class='ocrx_word' id='word_1_562' title='bbox 286 2932 436 2969; x_wconf 84' lang='lat' dir='ltr'><strong>nonnulli</strong></span> <span class='ocrx_word' id='word_1_563' title='bbox 467 2933 596 2969; x_wconf 83' lang='lat' dir='ltr'><strong>habent</strong></span> <span class='ocrx_word' id='word_1_564' title='bbox 628 2933 758 2979; x_wconf 86' lang='grc' dir='ltr'><strong><em>προτὶ,</em></strong></span> <span class='ocrx_word' id='word_1_565' title='bbox 788 2930 840 2976; x_wconf 81' lang='grc' dir='ltr'><strong><em>π’,</em></strong></span> 
     </span>
    </p>
   </div>
   <div class='ocr_carea' id='block_1_20' title="bbox 933 2931 1698 2972">
    <p class='ocr_par' dir='ltr' id='par_1_25' title="bbox 933 2931 1698 2972">
     <span class='ocr_line' id='line_1_91' title="bbox 933 2931 1698 2972; baseline -0.001 0"><span class='ocrx_word' id='word_1_566' title='bbox 933 2935 1058 2972; x_wconf 83' lang='grc'><strong>393-</strong></span> <span class='ocrx_word' id='word_1_567' title='bbox 1068 2931 1149 2972; x_wconf 86' lang='grc'><strong>410.</strong></span> <span class='ocrx_word' id='word_1_568' title='bbox 1207 2945 1228 2968; x_wconf 89' lang='grc' dir='ltr'><strong><em>τ</em></strong></span> <span class='ocrx_word' id='word_1_569' title='bbox 1238 2945 1257 2970; x_wconf 91' lang='grc' dir='ltr'><strong><em>ο</em></strong></span> <span class='ocrx_word' id='word_1_570' title='bbox 1268 2933 1292 2970; x_wconf 82' lang='grc' dir='ltr'><strong><em>ὖ</em></strong></span> <span class='ocrx_word' id='word_1_571' title='bbox 1302 2946 1322 2969; x_wconf 90' lang='grc' dir='ltr'><strong><em>τ</em></strong></span> <span class='ocrx_word' id='word_1_572' title='bbox 1332 2945 1352 2970; x_wconf 93' lang='grc' dir='ltr'><strong><em>ο</em></strong></span> <span class='ocrx_word' id='word_1_573' title='bbox 1363 2946 1385 2971; x_wconf 87' lang='grc' dir='ltr'><strong><em>ν</em></strong></span> <span class='ocrx_word' id='word_1_574' title='bbox 1424 2932 1516 2970; x_wconf 83' lang='lat' dir='ltr'><strong>dixit</strong></span> <span class='ocrx_word' id='word_1_575' title='bbox 1548 2938 1698 2971; x_wconf 85' lang='lat' dir='ltr'><strong>contem-</strong></span> 
     </span>
    </p>
   </div>
  </div>
 </body>
</html>
