1821 3288
497 121 1076 165 ΟΔΤΣΣΕΙΑΣ
1128 123 1183 166 X.

1589 126 1674 166 179

235 245 334 281 quem
358 233 507 268 vinctum
532 233 678 279 Ulysses
701 245 744 268 ex
768 234 867 269 trabe
890 232 1054 280 suspendi
1073 232 1202 278 jubet
1192 244 1226 267 m
1251 232 1394 278 horreo,
1426 236 1463 269 et
1493 233 1544 269 ita
1569 235 1674 269 relin-

155 280 236 328 qui·
225 306 236 324 ,
261 281 352 326 quod
375 281 427 314 fit.

78 355 159 395 170

276 348 366 392 Τὸν
396 347 444 392 δ’
472 346 822 404 ἀπαμειβόμενος
850 342 1050 404 προσέφη
1078 345 1319 416 πολύμητις
1341 346 1603 400 Ὀδυσσεύς·

188 399 321 476 Ι,,,ἦτοι
348 403 431 460 ἐγω
461 406 534 448 καὶ
568 405 814 461 Τηλέμαχος
846 409 1095 474 μνηστῆρας
1124 403 1321 460 ἀγαυοὺς

190 462 406 535 σχήσομεν
436 461 644 505 ἔντοσθεν
673 462 887 517 μεγάρων,
915 462 1034 517 μάλα
1062 477 1141 515 περ
1173 464 1416 531 μεμαῶτας.

190 523 311 574 σφῶϊ
339 517 382 561 δ’
416 517 738 572 ἀποστρέψαντε
766 518 905 570 πόδας
934 519 1008 562 καὶ
1035 523 1178 574 χεῖρας
1207 518 1413 571 ὕπερθεν,

134 575 164 606 ²²
195 576 262 631 [ές
291 574 495 630 θάλαμον
525 575 709 631 βαλέειν,
742 578 925 627 σανίδας
956 575 1002 619 6’
1016 577 1212 643 ἐκδῆσαι
1242 574 1426 626 ὅπισθε,]

83 635 160 678 175
191 632 339 685 σειρὴν
368 632 415 675 δὲ
443 633 628 702 πλεκτὴν
658 633 700 685 ἐξ
730 632 867 676 αὐτοῦ
897 632 1171 701 πειρήναντε,

191 688 308 733 κίον’
343 687 413 732 ἀν’
445 688 621 760 ὑψηλὴν
650 689 818 743 ἐρύσαι,
850 689 1032 732 πελάσαι
1060 706 1104 733 τε
1135 691 1348 740 δοκοῖσιν,

190 745 250 797 ὥς
282 761 358 788 κεν
388 746 511 816 δηθὰ
546 747 652 800 ζωὸς
682 746 766 789 ἐῶν
793 744 944 802 χαλέπ’
970 744 1106 813 α’λγεα
1134 745 1318 801 πάσχῃ.“

258 800 342 853 Ὡς
371 801 523 857 ἔφαθ’·

559 804 602 846 οἱ
631 801 666 845 δ’
696 802 784 856 ἄρα
811 806 890 844 τοῦ
920 801 1034 855 μάλα
1064 817 1143 855 μεν
1171 803 1324 851 κλύον,
1352 797 1422 856 ἥδ’
1452 798 1680 843 ἐπίθοντο·

190 857 277 916 βὰν
308 858 350 903 δ’
380 861 479 929 ἰ’μεν
509 859 552 909 ἐς
579 857 798 914 θάλαμον,
834 859 1023 914 λαθέτην
1054 858 1099 901 δέ
1130 875 1206 929 μιν
1237 859 1366 901 έιδον
1397 856 1537 900 ἐόντα.

79 919 161 961 180
191 918 290 985 ἡτοι
322 915 345 959 ὁ
378 915 459 970 μὲν
487 916 709 969 θαλάμοιο
739 915 879 970 μυχὸν
909 915 1020 958 κάτα
1049 913 1188 970 τεύχε’
1221 914 1391 968 ἐρεύνα,

188 972 249 1015 τώ
285 971 325 1015 δ’
358 971 487 1015 ἔσταν
516 971 740 1024 ἑκάτερθε
728 988 871 1025 παρα
901 978 1138 1027 σταθμοῖσι
1169 971 1360 1025 μέιῃοντε

188 1024 292 1072 εὖθ’
319 1028 428 1084 ’ὑπὲρ
461 1027 600 1072 οὐδον
633 1029 776 1086 ἔβαινε
807 1029 1077 1081 Μελάνθιος,
1119 1027 1300 1079 αἰπόλος
1332 1028 1484 1083 αἰγῶν,

17 1177 84 1209 εἰσ.
103 1193 148 1199 —-
161 1172 243 1219 σχή
258 1185 345 1217 σομ
357 1185 416 1219 εν,
431 1172 722 1221 κατασχήσομεν,
733 1178 829 1212 καθ-

17 1221 158 1264 έξομεν.
204 1222 249 1254 cf.
295 1224 340 1257 70
379 1231 446 1257 etc.
492 1242 535 1248 —
575 1222 703 1266 μάλα
745 1237 829 1268 περ

17 1280 115 1312 μεμ.
126 1293 136 1309 ,
143 1269 316 1325 quamvirs
338 1269 510 1303 incitatos.
535 1269 578 1305 Il.
601 1269 645 1311 ν’,
668 1271 736 1350 3θ17
761 1275 827 1306 etc.

18 1317 253 1359 -χεῖρας
288 1312 646 1357 ν’περθεν.406,
714 1318 829 1357 135,

18 1360 60 1394 11.
86 1361 123 1402 ε’,
150 1362 216 1396 122
241 1365 308 1395 εἰσ.
339 1368 459 1395 contra
483 1363 658 1407 Tyrtaeus
683 1362 704 1395 l.
731 1374 760 1398 c.
785 1344 829 1396 ad'

22 1406 123 1441 184.·
148 1406 289 1453 κνήμας
312 1420 350 1442 τε
373 1407 484 1443 κάτω.

67 1451 144 1487 174.
168 1464 290 1487 versus
306 1455 445 1497 spurius
466 1457 499 1487 et
519 1457 711 1507 corruptuS‚
729 1464 828 1499 quem

20 1497 77 1543 qui
102 1499 290 1532 fabricatus
311 1505 387 1541 est,
427 1500 629 1533 recentioris
655 1500 732 1533 aevi
758 1511 828 1533 mo-

18 1556 90 1578 rem
116 1545 264 1579 Homero
288 1546 449 1580 obtrusit.
478 1557 588 1590 neque
614 1546 701 1579 enim
726 1547 829 1580 σανί-

19 1591 89 1634 δας
111 1589 264 1635 ἐκδῆσαι
289 1596 342 1624 est
358 1595 456 1635 fores
479 1593 666 1632 occludite,
698 1598 738 1626 ut
762 1604 828 1638 pu-

17 1641 112 1679 tant,
149 1638 210 1672 sed
235 1637 380 1672 dixisset
410 1638 445 1672 id
470 1640 572 1683 poeta
604 1639 670 1672 hoc
694 1638 750 1673 vel
781 1639 830 1672 si-

18 1683 88 1717 mili
109 1684 220 1725 modo,
247 1683 304 1718 επὶ
322 1683 457 1728 δεσμὸν
476 1685 590 1727 ἰῆλαι,
614 1689 653 1717 ut
670 1681 722 1728 φ’,
747 1684 829 1725 241,

16 1728 144 1774 θύρην
167 1729 366 1770 ἐπιθεῖναι,
393 1735 433 1765 ut
457 1732 534 1765 157.
561 1735 597 1764 et
620 1731 830 1775 201.(1ιιο(1-

17 1775 49 1810 εἰ
69 1777 124 1809 vel
148 1776 292 1810 maxime
310 1776 499 1820 significari
518 1775 633 1809 verbis
656 1776 724 1810 illis
749 1787 829 1821 pos·

17 1826 95 1856 sent
118 1823 211 1856 fores
234 1822 402 1863 occlusae,
426 1830 538 1856 tamen
560 1821 736 1855 serendum
764 1833 828 1855 non

18 1872 113 1902 esset
133 1867 427 1925 πρωθύστερον,
462 1867 552 1912 quod
585 1867 642 1901 hic
674 1869 830 1922 reperire

19 1914 87 1948 sibi
111 1914 205 1948 visus
229 1919 284 1948 est
307 1914 352 1948 Ε.
380 1913 423 1950 οὐ
447 1914 537 1958 γάρ,
571 1913 705 1958 inquit,
737 1912 830 1968 μετά

18 1958 63 1994 τὸ
90 1961 296 2001 σανίδας
320 1959 547 2001 ἐκδῆσαι,
571 1960 736 1995 τουτέστι
758 1957 831 1995 θύ-

18 2018 105 2049 ρας,
138 2004 384 2050 κρεμάννυται
417 2004 436 2041 ὁ
461 2007 704 2049 Μελανθεύς,
738 2004 830 2042 ἄλλά

18 2053 229 2109 στρεφθεὶς
240 2056 363 2097 χεῖρας
385 2066 417 2087 κ.
437 2053 568 2094 πόδας,
592 2065 625 2086 κ
649 2053 751 2099 σειρᾷ
774 2051 830 2087 ἐκ·

21 2101 168 2142 δεθεὶς,
206 2097 463 2142 ἅπαιωρεῖται.
494 2118 541 2125 -·
574 2097 633 2134 διὸ
654 2101 714 2134 καὶ
738 2111 831 2143 προς

19 2143 216 2203 ἓρμήνειαν
246 2160 279 2181 τι.
311 2145 529 2201 σαφήνειαν
542 2144 756 2188 πρόσκειται
788 2144 829 2182 τὰ

20 2190 201 2229 ὄπισθε
208 2194 413 2248 χρονικαῖς,
437 2213 482 2218 --
507 2189 622 2236 ἤγουν
646 2204 738 2234 μετα
763 2193 833 2228 τοῦ

20 2237 168 2281 πάντα,
194 2237 264 2274 όσα
286 2238 375 2285 χρὴ,
410 2238 468 2274 ἐπὶ
492 2241 697 2282 Μελανθίῳ
721 2239 832 2283 ποιῆ-

23 2296 96 2321 σαι.
142 2286 283 2319 eandem
313 2285 514 2320 cantilenam
549 2286 643 2319 canit
667 2289 738 2321 Am.
765 2286 830 2327 Q..

22 2330 66 2367 τὸ
91 2344 149 2367 οπ
162 2334 241 2367 ισθ
254 2345 300 2367 εν
324 2332 514 2388 χρονικοῖς,
540 2330 622 2367 ἀντὶ
645 2334 714 2368 τοῦ
737 2345 830 2376 μετα

23 2378 143 2413 ταῦτα
165 2378 233 2418 τοὶς
255 2380 422 2421 σανίδας,
454 2376 477 2414 ὅ
501 2378 576 2413 ἐστι
600 2377 737 2422 θύρας,
762 2378 829 2422 δή·

24 2435 176 2466 σαντες,
207 2423 418 2468 ἐξελθόντες
445 2438 478 2460 κ.
503 2424 676 2467 ἐάσαντες
700 2426 829 2469 (scrib

24 2470 190 2512 ἐξέλθετε
210 2483 243 2505 κ.
268 2470 420 2528 ἐάσατε)
451 2468 568 2506 αυτὸν
597 2470 829 2517 ἐρριμμένον.

26 2517 126 2558 εἶτα,
153 2513 205 2559 ὥς
221 2516 442 2562 μεταγνοὺς,
468 2519 532 2562 (3)
559 2520 671 2562 φησὶ,
692 2519 832 2562 μᾶλλον

25 2562 67 2600 δε
91 2563 141 2608 μή
166 2561 356 2620 ἐῤῥιμένον
391 2563 540 2608 ἐάσητε,
575 2563 667 2599 ἀλλὰ
697 2563 832 2608 κρεμά-

27 2622 124 2646 σατε,
150 2612 264 2644 λείπει
289 2623 357 2645 ουν
380 2610 422 2647 τὸ
446 2613 585 2654 μᾶλλον
612 2618 680 2646 εἰσ.
710 2623 751 2645 en
775 2621 832 2643 cor

29 2656 210 2697 Zenodoti,
235 2667 276 2690 en
292 2657 393 2700 jecur
420 2658 584 2692 Cratetis!
610 2661 704 2692 certe
729 2656 757 2690 si
782 2656 831 2690 ita

27 2702 216 2737 balbutiret
250 2702 305 2735 hic
338 2707 476 2744 noster,
510 2703 636 2738 «ludum
673 2703 832 2748 periisset

29 2760 104 2782 cum
128 2753 180 2782 tot
202 2747 311 2793 ipsius
335 2749 612 2793 explicatoribus.
647 2761 764 2783 verum
789 2760 832 2783 ne

29 2794 245 2829 versificator
281 2794 440 2838 quidem,
472 2795 664 2849 quicunque
698 2801 772 2835 est,
814 2806 834 2829 a

30 2853 100 2886 quo
133 2843 217 2874 haec
253 2840 410 2884 profecta
443 2847 541 2882 sunt,
570 2841 620 2876 ita
650 2842 834 2897 scripsisse

27 2887 202 2966 putandus
225 2891 299 2928 est,
324 2887 383 2921 sed
409 2886 552 2920 dederat
574 2887 650 2929 ille,
675 2888 741 2922 nisi
766 2887 833 2920 fal-

40 2944 91 2973 or,
115 2933 266 2972 σανίδος
289 2931 330 2968 δ’
354 2933 507 2978 ἐκδῆσαι
522 2930 693 2975 ὄπισθεν,
718 2935 751 2968 et
774 2938 832 2967 ta*

28 2978 129 3013 balae
151 2980 300 3025 alligate
322 2946 440 3014 ι’ῑῐιιτηη
441 2984 555 3025 tergo.
589 2980 743 3015 novimus
765 2980 831 3013 hoc

876 1187 985 1222 genus
1013 1188 1156 1222 poenae,
1184 1173 1376 1221 posteriore
1399 1184 1487 1207 aevo
1512 1171 1685 1216 usitatum,

877 1225 920 1257 de
945 1235 1010 1268 quo
1026 1224 1096 1267 jam
1121 1222 1197 1257 olim
1224 1221 1399 1255 nonnullos
1425 1219 1479 1253 hic
1504 1220 1686 1275 cogitasse,

877 1275 999 1304 auctor
1029 1275 1082 1303 est
1105 1269 1156 1302 E:
1194 1269 1314 1303 ἰστέον
1340 1266 1399 1307 δὲ,
1434 1263 1492 1301 ὅτι
1517 1279 1626 1309 ειροι
1632 1279 1687 1307 τες

875 1314 971 1357 τινὲς
993 1314 1096 1358 παρὰ
1111 1315 1300 1358 Ἡροδότῳ
1321 1314 1489 1356 κείμενον
1513 1311 1554 1346 τὸ
1579 1314 1687 1353 ζῶν-

875 1376 930 1397 τα
953 1361 1040 1397 τόν
1066 1363 1200 1396 δεῖνα
1230 1359 1345 1402 πρὸς
1378 1359 1562 1393 σανίδα
1587 1360 1687 1394 διε-

877 1407 1240 1446 παττάλευσαν,
1285 1404 1481 1450 ἐβιάσαντο
1520 1404 1688 1440 κοὲνταῦ-

875 1457 930 1489 θα
956 1453 1087 1497 ὅμοιόν
1111 1468 1146 1488 τι
1169 1455 1303 1497 νοῆσαι
1328 1459 1393 1486 etc.
1421 1458 1517 1485 recte
1542 1452 1629 1486 dixit
1652 1451 1688 1486 έ-

876 1499 1070 1555 βιάσαντοτ
1097 1512 1172 1533 nani
1194 1500 1260 1533 hoc
1285 1504 1337 1532 est
1357 1499 1422 1531 vim
1435 1498 1578 1531 inlerre
1605 1501 1689 1542 poi}-

875 1554 944 1587 tae,
969 1547 1023 1581 cui
1046 1547 1259 1590 incognitum
1277 1546 1344 1579 suit
1363 1543 1447 1577 illud
1465 1544 1689 1587 supplicium;

875 1593 966 1638 quod
1000 1593 1029 1627 si
1063 1592 1116 1626 hic
1151 1595 1464 1631 commemorasset,
1506 1590 1688 1634 vestigium

874 1640 927 1673 rei
958 1642 1144 1684 appareret
1175 1639 1319 1671 inferius
1356 1637 1689 1689 187-193.ι1ιιει-

874 1698 913 1720 re
937 1697 1044 1719 uncos
1073 1685 1275 1728 impegimus
1306 1683 1386 1717 huic
1411 1682 1541 1722 versui,
1570 1693 1690 1727 quam—

875 1732 929 1765 vis
971 1731 1197 1777 probabiliter
1238 1731 1292 1773 (v.
1336 1728 1396 1772 φ’,
1431 1729 1528 1771 123)
1573 1740 1690 1762 emen-

876 1777 969 1811 dato.
1018 1789 1094 1811 nam
1127 1778 1202 1821 quis
1235 1774 1356 1809 audiat
1390 1774 1594 1815 Clarkeum,
1633 1773 1690 1808 cui

874 1823 959 1858 haec
990 1821 1131 1868 proprio
1173 1827 1208 1856 et
1239 1820 1383 1865 simplici
1417 1821 1608 1854 verborum
1631 1832 1689 1854 or-

877 1870 976 1913 dine,
1001 1874 1039 1902 ut
1064 1869 1135 1911 ait,
1165 1867 1392 1911 intelligenda
1416 1877 1493 1900 esse
1523 1865 1689 1900 videban-

875 1922 954 1949 tur:
995 1914 1127 1948 scilicet
1159 1914 1384 1947 melanthium
1425 1917 1612 1946 retractum
1650 1913 1689 1947 in

876 1961 1070 2004 θάλαμον,
1102 1960 1234 1994 foribus
1259 1960 1426 1999 occlusis,
1465 1970 1506 1992 ne
1531 1959 1606 2003 quis
1630 1968 1689 1993 su·-

877 2008 1080 2053 perveniens
1112 2006 1318 2050 impediret,
1354 2017 1396 2039 ex
1417 1984 1520 2039 'trabe
1543 2016 1689 2050 suspen·—

877 2064 948 2087 snm
974 2053 1076 2087 esse?
1101 2054 1190 2097 quis,
1217 2063 1357 2095 quaeso,
1382 2051 1583 2085 metuendus
1612 2055 1690 2085 erat

877 2100 1085 2134 Telemacho
1109 2105 1143 2132 et
1162 2098 1325 2139 Eumaeo,
1351 2097 1466 2142 procis
1493 2109 1554 2142 pro
1578 2097 1689 2130 salute

877 2146 1130 2191 pugnantibuS,
1165 2143 1299 2177 famulis
1337 2144 1405 2176 huc
1437 2143 1517 2177 illuc
1548 2143 1689 2187 trepide

878 2192 1039 2236 dilapsis,
1071 2190 1338 2234 mulieribusque
1363 2191 1489 2223 dudum
1519 2189 1688 2223 conclusis

876 2238 910 2271 in
936 2237 1137 2283 gynaeceo?
1170 2248 1213 2271 ne
1232 2204 1363 2278 fficiam,
1397 2247 1462 2268 non
1494 2235 1580 2268 adeo
1611 2235 1688 2268 illos

875 2284 1020 2328 ignavos
1045 2284 1169 2324 fuisse,
1202 2287 1241 2316 ut
1264 2293 1455 2326 quenquam
1482 2281 1688 2315 extimesce-

875 2337 965 2371 rent,
996 2335 1030 2364 et
1054 2330 1133 2370 duo,
1165 2331 1200 2362 et
1224 2328 1313 2361 inter
1338 2339 1442 2361 arma.
1467 2347 1510 2352 —
1536 2335 1687 2361 ceterum

875 2377 917 2412 Α.
944 2379 975 2412 1.
1002 2377 1109 2409 verbo
1145 2372 1303 2410 ὄπισθεν
1334 2374 1547 2418 adscriptum
1582 2373 1688 2407 habet

875 2434 897 2457 a
920 2429 1019 2456 manu
1045 2424 1075 2456 1.
1100 2421 1136 2455 in
1160 2421 1334 2464 margine:
1357 2418 1493 2463 ἱμάντι.

923 2469 1118 2504 175-177.
1154 2466 1320 2511 σειρὴν
1343 2488 1388 2492 -
1412 2478 1531 2508 πειρ.
1577 2465 1686 2499 hexa-

877 2519 985 2549 meter
1008 2514 1111 2549 meris
1134 2513 1226 2547 sorte
1249 2512 1411 2558 spondeis
1435 2518 1612 2552 constans,
1647 2514 1686 2544 ut

879 2561 931 2605 φ’,
966 2563 1021 2596 15.
1056 2559 1229 2605 repetitur
1264 2560 1340 2594 192.
1373 2578 1417 2586 -
1456 2559 1560 2592 Sch:
1592 2568 1686 2592 σει-

878 2606 966 2651 ρήν
999 2607 1115 2651 (192,
1146 2605 1188 2639 11.
1221 2603 1275 2648 θ’,
1309 2607 1353 2640 19
1388 2605 1488 2647 etc.).
1532 2602 1684 2647 πλέγμα,

878 2653 1052 2698 σχοινίον.
1095 2664 1218 2695 πειρ.
1258 2649 1489 2694 ἐκδήσαντες.
1524 2669 1570 2675 -
1604 2650 1685 2684 δο-

877 2703 1056 2740 κοῖσιν,
1081 2700 1244 2732 trabibus.
1279 2699 1356 2739 193,
1381 2695 1424 2738 τ,
1448 2698 1506 2732 38.
1529 2714 1575 2722 --
1599 2697 1685 2741 δη·-

878 2745 960 2787 θα,
988 2747 1060 2781 diu.
1084 2742 1133 2786 α’,
1157 2744 1202 2779 49
1227 2747 1292 2778 εἰσ.

927 2793 1005 2827 178.
1029 2790 1072 2837 γ’,
1095 2791 1175 2833 477,
1200 2788 1238 2824 11.
1263 2787 1306 2834 γ’,
1329 2788 1398 2823 379
1422 2792 1490 2823 etc.

928 2838 1136 2875 180—194.
1179 2835 1370 2891 ἔρευνα,
1407 2834 1607 2878 quaerebat.
1638 2831 1684 2876 τ’,

879 2884 960 2927 436,
983 2884 1024 2921 11.
1048 2883 1092 2924 ις’,
1116 2884 1198 2919 321.
1232 2901 1278 2908 -
1290 2879 1530 2939 μένοντε,
1565 2891 1683 2924 exspe-

878 2936 1011 2966 ctantes
1040 2931 1145 2965 illum.
1179 2950 1224 2956 -—
1257 2923 1378 2963 εὖθ’.
1415 2929 1456 2961 Α.
1491 2929 1526 2962 2.
1557 2933 1592 2960 et
1625 2929 1682 2962 3.

877 2975 980 3013 ἐνθ’.
1020 2977 1127 3013 verba
1155 2975 1279 3064 etiam1
1290 2974 1374 3050 ιζῐιὲιε
1395 2973 1557 3014 confusa,
1589 2973 1684 3007 velut

1285 3026 1295 3042 6

1287 3046 1322 3064 α(
