1821 3288
96 137 181 177 214
197 140 202 145 “

725 130 1124 175 OM-HPOP

1239 180 1246 197 Ι

268 241 436 285 πόντον
463 239 532 285 ἐπ’
552 240 802 297 ,ἰχθυόεντα
829 240 963 296 φέρεν
991 239 1153 295 μεγάλοι
1180 236 1459 294 στενάχοντα·

269 297 343 354 ἠδ’
376 297 435 348 ὥς
469 299 718 354 Τηλέπυλον
746 299 1099 353 Λαιστρυγονίην
1129 295 1363 350 ἀφίκανεν,

268 358 311 398 οἳ
339 355 450 411 νῆάς
477 355 518 398 τ’
551 355 725 404 ὄλεσαν,
757 354 830 397 καὶ
861 352 1122 409 ἐϋκνήμιδας
1150 352 1371 406 ἑταίρους·

155 418 238 458 320
270 411 470 465 [πάντας·
498 410 736 460 Ὀδυσσεὺς
765 409 810 454 δ’
841 408 934 461 οἷος
962 410 1188 466 ὑπέκφυγε
1218 410 1295 464 νηῒ
1320 410 1501 464 μελαίνῃ
1514 410 1545 463 ·]

266 470 340 512 καὶ
373 470 540 523 Κίρκης
568 468 760 518 κατέλεξε
790 465 948 519 δόλον,
979 467 1305 521 πολυμηχανίην
1333 481 1400 509 τε·

267 525 342 581 ἠδ’
374 523 434 576 ὥς
465 527 523 574 εἰς
548 524 695 566 Ἀΐδεω
726 521 865 578 δόμον
894 522 1059 579 ἤλυθεν
1091 522 1332 576 εὐρώεντα,

265 586 383 638 ψυχῇ
412 579 676 637 χρησόμενος
709 581 908 635 Θηβαίου
941 580 1176 633 Τειρεσίαο,

265 640 343 694 νηῒ
380 638 662 692 πολυκληῖδι,
701 638 774 680 καὶ
803 638 933 680 εἴσιδε
961 635 1127 686 πάντας
1157 635 1376 687 ἑταίρους,

155 697 238 740 325
268 695 429 749 μητέρα
458 693 530 745 θ’,
558 692 588 749 ἤ
617 708 692 748 μιν
724 693 884 746 ἔτικτε,
914 693 988 737 καὶ
1018 692 1166 746 ἔτρεφε
1198 690 1365 733 τυτθόν
1395 687 1549 734 ἐόντα·

217 756 237 777 *
266 750 339 806 ἠδ’
372 750 431 800 ὥς
458 749 687 806 Σειρήνων
717 748 913 793 ἁδινάων
943 748 1146 805 φθόγγον
1175 746 1389 791 ἄκουσεν·

269 807 328 858 ὥς
355 806 408 851 θ’
437 807 552 851 ἵκετο
583 806 815 864 Πλαγκτὰς
843 806 1023 863 πέτρας,
1053 804 1202 863 δεινήν
1230 819 1276 848 τε
1305 802 1565 860 Χάρυβδιν,

96 941 139 985 τ’,
165 943 254 984 283,
278 942 319 977 11.
344 940 388 985 λ’,
420 943 500 977 808.
535 959 582 970 -
625 940 905 984 Τηλέπυλον

96 993 289 1031 Λαιστρ.
313 990 362 1030 Β,
388 995 528 1023 auctore
551 989 724 1033 Spohnio:
749 988 903 1034 τηλέπυ-

96 1039 171 1071 λον.
217 1035 337 1078 „Urbs
362 1034 457 1068 dicta
479 1035 593 1076 fuit,“
622 1035 751 1080 inquit,
785 1039 904 1075 „Aou-

96 1083 330 1127 στρυγονίη.“
353 1082 416 1115 sed
439 1080 641 1115 inusitatum
673 1086 728 1116 est
759 1081 904 1126 adjecti-

96 1140 176 1164 vum
200 1130 408 1174 τηλέπυλος.
431 1138 465 1161 ν.
490 1125 533 1169 κ’,
561 1128 617 1162 ΘΞ.

142 1209 222 1243 320.
263 1216 384 1241 versus
416 1204 575 1249 spurius,
608 1216 709 1249 quem
744 1204 904 1238 omittunt

95 1254 202 1288 MSS.
226 1251 259 1288 4.
285 1252 586 1292 Vindobonenses,
620 1252 667 1283 W
693 1250 827 1284 uncinis
851 1251 905 1283 in-

96 1300 208 1334 clusit.
232 1311 296 1332 nec
320 1308 434 1332 omnes
449 1303 517 1331 tum
539 1296 674 1342 periere
690 1296 775 1330 socii
799 1296 905 1341 Ulys-

96 1346 165 1387 sis‚
197 1350 233 1379 et
255 1346 485 1389 importunum
519 1348 592 1384 est,
623 1343 699 1388 ipso
732 1347 905 1383 narrante,

95 1403 218 1426 nomen
256 1387 481 1432 Ὀδυσσεύς,
524 1388 614 1432 quod
662 1388 907 1422 animadvertit

95 1432 363 1481 Rochefortius,
393 1435 568 1481 interpres
598 1434 738 1468 Homeri
767 1434 907 1468 franco-

96 1484 255 1529 gallicus.

144 1560 358 1598 322-325.
417 1556 684 1601 εὐρώεντα.
740 1554 786 1600 κ’,
825 1557 906 1592 512.

97 1608 211 1642 Schol.
254 1608 294 1642 A.
318 1609 372 1643 3.:
396 1619 452 1650 γρ.
477 1604 720 1649 ἠερόεντα.
745 1621 790 1628 -
824 1611 908 1647 ψυ-

106 1656 230 1700 χῇ-
259 1651 533 1698 Τειρεσίαο.
572 1650 696 1684 ibidem
736 1650 816 1684 492.
861 1649 906 1682 cf.

98 1700 152 1742 θ’,
184 1702 227 1735 81
254 1706 320 1734 etc.
356 1718 398 1724 —-
438 1697 521 1744 νηῒ
546 1700 647 1731 πολ.
674 1694 720 1738 ν’,
745 1697 834 1736 382,
865 1694 907 1728 Il.

99 1745 147 1791 η’,
174 1748 217 1781 88
241 1753 308 1781 etc.
331 1763 378 1771 —
400 1744 549 1780 καὶ-
573 1741 730 1778 ἐόντα.
756 1740 804 1785 α’,
826 1740 908 1782 435,

99 1792 143 1837 λ’,
168 1793 212 1828 67
240 1797 308 1828 etc.

147 1873 226 1907 326.
275 1869 444 1915 quidquid
479 1868 674 1909 moliuntur,
708 1865 808 1900 nullis
838 1875 911 1899 ma-

102 1918 212 1953 chinis
233 1916 440 1951 labefactari
462 1920 577 1961 potest
600 1914 695 1948 notio
731 1913 800 1948 τοῦ
829 1909 912 1967 {16⁶-

102 1963 188 2006 νὸς,
219 1963 348 2008 itaque,
373 1968 413 1996 ut
434 1965 543 2006 μυῖαι
567 1967 603 1994 et
626 1959 792 2004 μέλισσαι
825 1960 912 1993 αδι-

102 2012 168 2047 ναὶ
198 2010 266 2053 (ll.
292 2007 338 2054 β’,
373 2010 429 2050 87,
468 2008 552 2049 469)
587 2012 668 2040 sunt
709 2016 846 2039 muscae
879 2008 914 2039 et

104 2068 188 2102 apes
212 2058 406 2097 confertae,
441 2055 491 2087 sic
515 2053 616 2086 etiam
641 2052 757 2085 verbis
781 2048 913 2093 Σειρή-

105 2115 181 2139 νων
217 2099 384 2135 ἁδινάων
411 2099 496 2133 nihil
533 2098 625 2132 aliud
659 2097 914 2141 significaretur

105 2151 142 2184 in
167 2147 308 2182 Homeri
332 2145 468 2192 quidem
501 2144 707 2178 carminibus
730 2155 829 2188 quam
853 2153 915 2175 nu-

105 2205 219 2232 merus
252 2205 314 2227 seu
344 2193 446 2226 turba
481 2190 648 2224 Sirenum.
697 2189 792 2234 atqui
827 2188 915 2221 duae

107 2247 189 2276 sunt
213 2240 305 2284 apud
339 2250 413 2272 eum
448 2236 608 2270 Sirenes:
646 2246 730 2279 ergo
762 2235 914 2279 ineptum

109 2293 164 2322 est
191 2284 380 2324 οῗδινάων,
414 2294 478 2317 nec
515 2281 706 2316 audiendus
739 2281 915 2314 Buttman-

108 2344 172 2368 nus
198 2333 306 2365 Lexil.
333 2331 409 2371 51.‚
433 2329 490 2373 qui
510 2334 689 2373 postquam
709 2326 806 2363 dixit,
834 2337 917 2371 pro-

109 2379 186 2425 prie
209 2376 362 2418 ἀδινὸν,
395 2381 576 2420 cognatum
610 2374 693 2407 illud
715 2374 767 2418 τῷ
791 2370 916 2414 ἁδρὸς,

110 2430 152 2459 ut
173 2422 311 2464 κυδνὸς
334 2424 387 2468 τῷ
410 2420 564 2464 κυδρός,
597 2419 744 2464 ψυδνὸς
766 2419 817 2464 τῷ
842 2426 917 2460 ψυ-

112 2470 222 2513 δρός,
256 2481 334 2504 esse
366 2469 527 2507 densum,
562 2467 673 2508 dicht,
715 2471 753 2499 ut
785 2463 918 2518 ἀδινὸν

116 2520 200 2560 κῆρ,
226 2528 283 2550 cor
306 2516 444 2548 densum
470 2523 527 2546 seu
553 2517 777 2556 compactum,
801 2512 841 2545 Il.
867 2524 917 2551 π,

113 2563 180 2600 481
214 2569 250 2597 et
284 2561 412 2606 Odyss.
437 2556 479 2599 2·'‚
521 2559 609 2600 516,
644 2558 791 2601 indeque
821 2556 919 2590 duxit

112 2608 348 2644 vehementiae
390 2605 577 2651 copiaeque
625 2604 921 2649 significationem,

113 2657 164 2690 sic
188 2655 306 2701 pergit
330 2664 409 2698 pag.
434 2653 521 2686 208:
547 2650 688 2691 „Alle’ur
702 2650 921 2683 unverkenn-

113 2703 179 2736 bar
212 2701 259 2734 ist
295 2711 350 2738 es,
392 2698 459 2741 (!)
499 2696 579 2729 dass
625 2697 681 2729 ein
723 2695 921 2739 Spracbge-

115 2748 249 2782 brauch
273 2745 346 2778 dies
368 2743 531 2786 Hestige,
561 2741 778 2783 Reichliche,
805 2741 920 2774 sosern

115 2805 153 2826 es
178 2793 239 2825 auf
262 2790 490 2833 Handlungen
514 2788 620 2831 geht,
654 2787 745 2820 bloss
780 2787 842 2820 auf
865 2786 920 2819 die

115 2837 272 2882 Begriffe
303 2848 369 2869 von
401 2836 544 2868 Minime
583 2833 649 2876 (!)
683 2833 777 2866 fixirt
813 2833 920 2865 hatte.

116 2885 199 2917 Wie
223 2883 344 2917 wfirde
369 2892 406 2914 es
431 2884 526 2914 sonst
548 2879 583 2912 in
608 2879 755 2913 solchem
780 2879 923 2911 Zusam-

117 2930 306 2973 menhange
329 2926 581 2963 vierzehnmal,
608 2925 676 2958 und
701 2936 769 2957 von
795 2924 923 2957 anderu

117 2976 278 3017 starken,
308 2973 482 3017 hestigen,
508 2970 778 3015 wiederholten‚
804 2969 924 3005 Hand-

1106 913 1117 930 ’ὲ

948 943 1073 986 lungen
1098 939 1154 974 nie
1174 939 1217 974 im
1242 939 1371 974 Homer
1394 937 1644 973 vorkommen?
1689 938 1756 972 So-

949 989 1028 1022 bald
1064 988 1147 1021 aber
1183 986 1265 1020 Dies
1306 995 1402 1028 war,
1440 996 1479 1019 so
1519 990 1646 1018 musste
1686 995 1756 1019 von
1818 999 1821 1022 ·;

949 1035 1056 1068 selbst
1087 1032 1266 1076 ersolgen,
1302 1031 1382 1064 dass
1422 1030 1484 1064 der
1527 1031 1664 1075 Begriff
1693 1031 1755 1065 des
1818 1046 1821 1051 ·

950 1081 1105 1119 Lancea,
1132 1079 1193 1111 der
1217 1076 1399 1120 eigentlich
1423 1076 1458 1110 in
1484 1076 1559 1110 dem
1583 1077 1644 1110 des
1667 1077 1757 1111 Hef-

949 1125 1046 1169 tigen
1070 1124 1345 1168 eingeschlosseu
1369 1122 1433 1165 (!)
1458 1122 1556 1156 datin
1574 1123 1651 1167 lag,
1676 1135 1757 1157 vor-

950 1171 1159 1205 herrscbend
1190 1169 1323 1202 wurde.
1358 1168 1418 1211 (!)
1473 1168 1534 1202 Ich
1565 1170 1650 1202 hore
1684 1170 1756 1204 also

949 1216 984 1250 in
1019 1217 1095 1250 dem
1129 1213 1261 1250 α’δινόν
1294 1213 1507 1257 μυκώμεναι
1539 1215 1687 1258 (Odyss.
1711 1213 1756 1258 κ’,

949 1262 1050 1305 413),
1083 1262 1119 1295 in
1144 1261 1219 1295 (lem
1253 1258 1382 1299 α’δινός
1415 1259 1500 1303 γόος
1530 1261 1598 1304 (ll.
1623 1260 1665 1303 (ε’,
1689 1263 1758 1297 316

950 1309 1050 1353 etc.),
1073 1307 1110 1341 in
1137 1307 1212 1341 dem
1235 1304 1338 1341 κλαῖ’
1363 1303 1475 1341 άδινοὶ
1499 1306 1555 1347 (ΙΙ.
1582 1306 1633 1349 ω’,
1657 1308 1759 1352 510),

951 1355 1006 1388 ein
1041 1355 1173 1394 lantes,
1218 1353 1402 1393 tonendes,
1443 1352 1605 1393 Brfissen,
1648 1353 1760 1388 weh-

950 1400 1096 1443 klagen,
1122 1399 1281 1434 Weinen.
1329 1397 1412 1431 Und
1445 1409 1511 1432 nur
1545 1399 1608 1432 auf
1633 1399 1761 1435 diesem

951 1446 1066 1489 Wege
1090 1445 1223 1479 erklart
1255 1456 1292 1478 es
1324 1444 1419 1484 sich,
1452 1443 1532 1478 dass
1563 1456 1638 1479 man
1672 1446 1761 1480 auch

951 1491 1130 1525 Personen
1154 1486 1285 1530 ἀδινὰς
1308 1501 1441 1523 nennen
1465 1490 1612 1531 konnte3
1643 1491 1763 1525 womit

951 1536 1018 1570 wir
1043 1537 1206 1570 demnach
1243 1536 1309 1580 (!)
1348 1547 1436 1579 ganz
1459 1535 1574 1570 sicher
1599 1538 1678 1581 (!!)
1704 1537 1761 1571 bei

952 1582 1020 1616 den
1043 1582 1284 1616 hellto'nenden
1299 1581 1443 1615 Sirenen
1462 1582 1650 1627 angelangt
1671 1583 1762 1625 sind,

953 1628 1119 1662 wahrend
1144 1628 1201 1662 die
1225 1627 1492 1668 Grammafiker,
1515 1627 1573 1661 die
1597 1629 1669 1662 sich
1693 1640 1762 1663 von

952 1673 1061 1708 ihrem
1106 1672 1249 1717 συνεχές
1291 1673 1386 1706 nicht
1428 1678 1573 1707 trennen
1611 1675 1761 1716 konnen,

953 1720 1017 1754 auf
1038 1719 1113 1753 eine
1137 1731 1202 1753 nur
1226 1719 1329 1752 ihnen
1353 1718 1578 1761 begreiffiche
1601 1722 1666 1755 Art
1688 1721 1763 1754 hier

956 1766 1115 1809 συνεχῶς
1139 1763 1336 1804 ἄειδούσας
1368 1763 1521 1798 finden.“

955 1812 1074 1856 legens
1097 1823 1166 1846 non
1193 1811 1377 1845 exclamet:

1050 1857 1111 1891 Nil
1133 1858 1187 1891 his
1209 1857 1340 1890 doctius
1362 1856 1616 1901 inficetiusqnc!

955 1903 1022 1938 fuit
1039 1908 1151 1938 tamen
1162 1904 1386 1937 Buttmannus
1405 1902 1458 1936 vir
1469 1903 1709 1946 sagacissimus
1730 1907 1767 1938 et

958 1961 1084 1994 graece
1106 1949 1335 1984 doctissimus.
1370 1948 1430 1993 qui
1452 1955 1630 1993 postquam
1647 1949 1765 1984 allisus

959 2002 1022 2035 est,
1036 1996 1244 2039 (ἰυιῐιχερσίν
1261 2007 1320 2034 τε,
1339 1995 1449 2029 ποσίν
1460 2006 1497 2029 τε
1506 1995 1691 2029 defendere
1710 2001 1766 2030 at-

1570 1766 1648 1812 quis
1677 1765 1765 1803 talia

961 2053 1027 2086 que
1051 2042 1224 2085 explicare
1251 2046 1395 2074 conatur
1419 2038 1550 2080 οἷδινάς
1571 2043 1768 2086 Σειρῆνας,

961 2087 1045 2132 quid
1056 2088 1260 2130 dubitamus,
1271 2086 1474 2131 imposuisse
1486 2087 1584 2120 nobis
1596 2088 1768 2129 librarios,
1777 2109 1785 2115 ι

960 2145 1024 2167 nec
1048 2135 1229 2177 genuinam
1254 2133 1392 2166 Homeri
1416 2144 1534 2167 vocem
1558 2133 1614 2167 hic
1638 2134 1707 2178 legi
1731 2135 1768 2168 in

961 2179 1164 2213 codicibus?
1189 2179 1239 2212 sic
1263 2183 1338 2221 est,
1363 2178 1496 2223 opinor.
1531 2180 1677 2234 at'quid
1702 2191 1769 2224 po-

961 2236 1100 2266 nemus,
1138 2224 1322 2270 repudiato
1346 2225 1453 2258 verbo
1478 2220 1670 2259 ἀδιναωνῖ)
1709 2237 1767 2259 re-
1819 2256 1821 2268 ,

960 2271 1106 2305 medium
1128 2271 1164 2304 in
1190 2276 1323 2315 promtu
1348 2276 1419 2303 est:
1438 2271 1621 2304 scribamus
1633 2269 1769 2316 Σειρή-

960 2329 1036 2352 νων
1061 2315 1218 2357 ἁλιάων,
1243 2317 1402 2349 Sirenum
1425 2317 1659 2358 marinarum,
1684 2318 1717 2352 h.
1738 2329 1771 2354 e.
1820 2313 1821 2319 ¹

961 2362 1224 2402 maritimarum,
1257 2373 1344 2406 quae
1367 2362 1402 2395 in
1425 2361 1536 2395 insula
1561 2363 1779 2405 habitarent,'
1819 2388 1821 2395 2

963 2409 1161 2453 Phorcique
1190 2408 1281 2442 filiae
1314 2407 1426 2441 dictae
1450 2409 1520 2441 sint
1544 2419 1564 2442 a
1586 2409 1771 2454 Sophocle,

963 2460 1003 2489 ut
1028 2461 1125 2488 autor
1150 2460 1204 2487 est
1236 2453 1441 2487 Plutarchus
1472 2455 1630 2498 Sympos.
1656 2457 1690 2496 9,
1714 2451 1788 2490 14.‘
1818 2450 1821 2453 Δ

966 2501 1017 2544 (v.
1043 2500 1154 2545 Heyn.
1181 2500 1330 2533 Observ.
1357 2500 1399 2532 ad
1427 2501 1582 2544 Apollod.
1613 2503 1642 2541 1,
1666 2502 1700 2542 3,
1723 2498 1771 2541 4.,

968 2557 1046 2591 pag.
1073 2547 1166 2590 15.);
1202 2556 1342 2590 quarum
1377 2545 1515 2579 dearum
1543 2546 1669 2580 similes
1691 2551 1771 2581 sunt
1817 2558 1820 2562 ’

966 2592 1126 2626 mulieres
1147 2592 1316 2631 marinae,
1353 2589 1401 2624 dni
1430 2592 1515 2624 zwei
1542 2593 1703 2636 mer-wip,
1734 2593 1771 2626 in

967 2639 1116 2671 carmine
1140 2638 1183 2670 de
1198 2637 1402 2680 Nibeluugis
1414 2639 1516 2676 6147,
1539 2639 1641 2680 6153,
1668 2639 1771 2679 6365,

967 2684 1122 2728 aliaeque
1145 2683 1180 2716 id
1206 2693 1315 2726 genus
1341 2684 1431 2728 apud
1456 2686 1576 2728 poetas
1600 2683 1773 2717 recentio-

966 2741 1033 2764 res.
1078 2729 1248 2763 sententia
1279 2730 1480 2774 praeclara,
1513 2729 1773 2774 emendatioquo

966 2775 1162 2821 perfacilis,
1201 2785 1274 2808 cum
1297 2775 1490 2809 sexcenties
1513 2775 1672 2809 confusae
1694 2775 1772 2809 fue-

967 2822 1037 2855 rint
1058 2821 1094 2854 in
1118 2820 1215 2853 libris
1250 2821 1272 2854 δ
1303 2826 1340 2854 et
1373 2824 1393 2854 λ
1423 2820 1579 2859 litterae;
1618 2821 1709 2866 quod
1733 2823 1772 2854 ut

967 2867 1024 2901 hic
1048 2878 1185 2920 quoque
1209 2866 1358 2908 accidit,
1391 2863 1410 2900 ὁ
1435 2866 1556 2909 τυχών
1580 2878 1642 2910 pro
1666 2864 1774 2901 ἀδιά-

970 2925 1022 2946 ων
1065 2924 1138 2945 sive
1172 2910 1315 2947 ἀδιάων
1363 2911 1515 2955 dederit,
1557 2913 1646 2960 quod
1680 2916 1775 2948 certe
1810 2931 1813 2943 .=

971 2969 1131 3003 graecum
1156 2964 1270 3002 esset,
1291 2955 1468 2995 ἁδινάων.

1780 2610 1783 2618 .
1811 2571 1815 2618 3

1809 2614 1820 2771 f

1808 2947 1812 2979 a
