1821 3288
85 87 171 130 282

484 89 523 129 2.
581 87 756 130 ΕΙΣ
811 73 1359 136 ΑΠΟΛΛΩΝΑ

259 196 468 264 θεσπεσίη
498 182 543 240 δ’
573 197 708 271 ἐνοπὴ
735 199 876 256 γένετ’
908 200 1113 253 ἄσπετος·
1141 201 1170 259 ἡ
1200 205 1248 248 δὲ
1275 204 1384 250 καθ’
1413 205 1526 263 ὕλην

256 252 428 297 πυκνὰ
436 252 542 324 μάλ’
572 255 683 299 ἔνθα
712 257 788 300 καὶ
817 257 927 300 ἔνθα
956 258 1168 310 ελίσσετο,
1197 265 1313 305 λεῖπε
1343 263 1389 306 δὲ
1402 225 1567 336 θυμὸν

146 314 229 356 185
259 309 422 380 φοινὸν
452 309 757 356 ἀποπνείουσ’.

818 311 842 356 ὁ
873 313 918 356 δ’
950 315 1182 368 ἐπεύξατο,
1213 321 1377 374 Φοῖβος
1402 319 1645 366 Ἀπόλλων’,

338 365 601 417 ,,Ἐνταυθοῖ
627 373 711 412 νῦν
738 367 886 414 πύθευ
917 370 985 414 ἐπὶ
1014 375 1142 428 χθονὶ
1171 376 1465 434 βωτιανείρῃ]

253 421 358 467 οὐδὲ
388 423 491 480 σύγε
522 428 681 477 ζωοῖσα
709 426 847 469 κακόν
876 427 1043 484 δήλημα
1071 433 1298 485 βροτοῖσιν

255 478 423 532 ε’,σσεαι
454 484 498 525 οἱ
525 483 651 551 γαίης
689 483 984 539 πολυφόρβου
1013 487 1185 539 καρπὸν
1217 488 1386 541 ἔδοντες

253 535 407 580 ἐνθάδ’
439 537 698 593 ἀγινήσουσι
726 540 955 595 τεληέσσας
984 542 1247 614 ἑκατόμβας·

146 596 225 638 190
255 592 361 636 οὐδέ
391 595 431 636 τί
459 610 527 636 τοι
555 594 757 639 θάνατόν
785 613 832 652 γε
863 599 1084 654 δυσηλεγέ’
1123 600 1222 644 οὔτε
1256 601 1466 654 Τυφωεὺς

255 648 454 702 ἀρκέσει,
485 649 586 694 οὔτε
615 654 810 709 Χίμαιρα
839 655 1122 726 δυσώνυμος,
1154 657 1260 700 α’λλὰ
1293 657 1383 712 σέγ’
1417 657 1554 703 αὐτοῦ

253 705 383 753 πύσει
412 711 516 762 γαῖα
544 709 746 762 μέλαινα,
781 711 854 754 καὶ
884 712 1075 768 ἠλέκτωρ
1101 712 1355 767 Υπερίων.“

321 761 405 814 Ὣς
435 763 539 834 φατ’
572 765 876 821 ἐπευχόμενος·
905 769 986 825 τήν
1016 771 1063 813 δὲ
1092 770 1248 821 σκότος
1280 768 1378 815 ὅσσ’
1409 769 1610 826 ἐκαλυψε.

254 818 334 878 τὴν
367 818 413 862 6'
446 818 584 864 αὐτοῦ
613 822 824 867 κατέπυσ’
855 826 975 880 ἱερὸν
1004 827 1132 882 μένος
1160 826 1338 884 ἠελίοιο,

142 880 224 924 195
254 875 298 927 ἐξ
330 871 387 920 οὗ
416 880 500 920 νῦν
531 880 674 922 Πυθω
705 880 1002 951 κικλήσκεται·
1035 885 1077 926 οἱ
1107 884 1152 928 δὲ
1183 885 1351 929 ἄνακτα

206 936 228 965 *
260 934 444 977 Πύθιον
473 936 706 979 καλέουσιν
732 937 986 1009 ἐπωνυμον,
1018 940 1178 983 οὕνεκα
1207 947 1324 985 κεῖθι

257 989 398 1033 αὐτοῦ
427 994 538 1034 πῦσε
552 992 710 1063 πελωρ
740 995 873 1051 μένος
903 994 1025 1048 ὀξέος
1052 996 1231 1052 ἠελίοιο.

255 1047 330 1090 καὶ
358 1046 450 1091 τότ’
483 1047 563 1103 α’ρ’
594 1049 704 1104 ἔγνω
737 1052 841 1107 ῇσιν
870 1052 934 1095 ἐνὶ
964 1055 1091 1108 φρεσὶ
1126 1058 1291 1110 Φοῖβος
1319 1054 1549 1110 Ἀπόλλων,

255 1102 419 1147 οὕνεκα
449 1121 525 1159 μιν
554 1106 694 1174 κρήνη
723 1110 982 1163 καλλίῤῥοος
1011 1110 1279 1179 ἐξαπάφησε·
1348 1132 1352 1133 ’

142 1167 227 1206 200
257 1164 315 1216 βῆ
346 1160 389 1203 δ’
420 1161 488 1204 ἐπὶ
523 1163 802 1233 Τιλφούσσής
832 1167 1144 1221 κεχολωμένος,
1179 1166 1287 1219 αἶψα
1317 1166 1358 1212 δ’
1389 1170 1539 1218 ἵκανε,

253 1220 333 1272 στῆ
361 1217 408 1262 δὲ
442 1217 544 1270 μάλ’
577 1219 674 1274 ἄγχ’
707 1221 862 1291 αὐτῆς,
892 1224 966 1264 καί
995 1239 1072 1273 μιν
1090 1224 1212 1293 πρὸς
1241 1229 1387 1279 μῦθον
1416 1227 1552 1268 ἔειπε·

341 1275 634 1346 ,,Τιλφοῦσσ,

669 1274 752 1319 οὐκ
783 1276 860 1331 αρ’
889 1278 1057 1333 ε’μελλες
1085 1280 1189 1334 ἐμὸν
1216 1281 1325 1323 νόον
1348 1282 1657 1351 ἐξαπάφονσα,

249 1346 398 1386 χωρον
428 1330 574 1386 ἓ’χουσ’
607 1331 786 1387 ἐρατὸν,
817 1336 1017 1390 προχέειν
1045 1338 1311 1391 καλλίῤῥοον
1339 1338 1485 1394 ὕδωρ·

249 1387 415 1445 ἐνθάδε
446 1387 499 1442 δὴ
531 1388 606 1431 καὶ
634 1389 740 1443 ἐμὸν
769 1392 891 1448 κλέος
921 1392 1109 1440 ἔσσεται,
1142 1393 1247 1437 οὐδὲ
1277 1393 1356 1438 66v
1386 1397 1522 1450 οἴης.“

137 1446 223 1488 205

331 1446 407 1494 Ἠ,
436 1445 512 1488 καὶ
543 1445 612 1488 ἐπὶ
644 1447 743 1499 ῥίον
773 1449 884 1491 ὠσεν
914 1448 1022 1500 αναξ
1051 1449 1255 1520 ἑκάεργος
1276 1450 1500 1496 Ἀπόλλων

249 1502 459 1573 πετραίῃς
489 1502 756 1558 προχόῃσιν,
787 1503 1039 1558 ἀπέκρυψεν
1066 1507 1112 1549 δὲ·
1141 1507 1322 1562 ῥέεθρα,

249 1557 324 1601 καὶ
353 1557 503 1613 βωμὸν
532 1559 739 1613 ποιήσατ’
770 1560 817 1603 ἐν
848 1560 969 1604 α’λσει·
997 1563 1289 1635 δενδρήεντι,

256 1613 356 1671 ἄγχι
384 1614 501 1670 μαλα
528 1615 692 1673 κρήνης
727 1617 1012 1675 καλλιρὀου·
1043 1620 1154 1664 ἔνθα
1184 1620 1227 1665 δ’
1259 1619 1415 1666 α’νακτι

76 1774 111 1798 κ.
137 1759 260 1807 ἄλγεσι
282 1761 411 1805 θνμὸν
445 1761 621 1808 ἐρέχθων.
647 1784 693 1790 -
727 1765 886 1812 ἐνοπή,

76 1809 180 1842 sibila
203 1811 387 1854 serpentis.
422 1830 466 1835 —
501 1811 701 1855 φοινὸν,
733 1815 885 1854 rubrum,

77 1860 269 1891 cruentum.
325 1857 452 1900 „Virg.
483 1858 567 1892 Aen.
600 1860 636 1900 9,
669 1857 768 1894 349·
800 1872 887 1904 pur-

74 1911 222 1945 puream
245 1904 351 1935 vomit
374 1903 432 1935 ille
455 1905 618 1938 animam.
623 1907 647 1924 “
676 1905 729 1938 Ex
753 1905 815 1963 Il’g.
839 1926 885 1932 -

77 1949 246 1989 ζωοῖσι
279 1949 507 1993 βροτοῖσι
537 1951 664 1984 dictum
689 1957 742 1985 est
766 1950 886 1996 ἐμφα-

77 1994 207 2034 τικῶς,
231 1999 268 2027 ut
291 2000 481 2032 nostrates.
506 1997 553 2030 du
576 1998 669 2031 sollst
694 1999 811 2032 keiner
835 2000 885 2031 le—

78 2041 251 2084 bendigen
274 2041 370 2074 Seele
393 2043 559 2076 schaden.
606 2055 639 2076 v.
666 2043 704 2076 Il.
731 2043 771 2083 σ’,
805 2046 885 2085 539,

79 2087 208 2131 Odyss.
238 2085 300 2130 ψ’,
347 2089 424 2122 187.
468 2093 608 2131 praeter
646 2091 887 2124 necessitatem

78 2132 216 2176 11g.et
257 2133 301 2166 ab
341 2132 400 2166 illo
432 2134 604 2168 editores.
645 2136 804 2178 ζώουσα.
839 2155 886 2162 —

77 2177 305 2213 θάνατον
344 2179 627 2224 δυσηλεγέα.
679 2183 807 2227 (Μὴ-,55
841 2180 884 2225 χ’,

78 2225 158 2265 325.
188 2245 223 2249 -
263 2225 501 2268 Χίμαιρα,
533 2227 691 2280 'I'jphoei
717 2236 752 2262 et
779 2229 885 2261 Echi-

79 2270 168 2304 dnae
190 2271 283 2306 filia.
310 2272 419 2316 patris
442 2273 568 2306 nutrici
592 2274 811 2318 opitulatura.
850 2285 883 2307 v

77 2316 143 2361 Ilg.
170 2337 213 2342 —
240 2317 465 2361 ἠλέκτωρ,
492 2317 682 2363 α’λεκτρος,
705 2321 801 2354 haud
828 2331 885 2354 cu·

79 2364 178 2404 bans,
201 2363 394 2398 indefessus
417 2365 480 2402 sol.
521 2378 555 2400 v.
580 2378 660 2401 ann.
697 2367 741 2402 ad
779 2366 821 2400 11.
843 2365 887 2410 ζ,

129 2436 208 2513 196.
255 2477 469 2521 Πύθιον.
517 2491 584 2514 non
616 2479 741 2514 desunt
774 2493 888 2521 exem-

77 2523 138 2569 pla
161 2523 457 2567 hexametrorum,
500 2525 558 2570 qui
589 2528 788 2561 trochaeum
825 2539 886 2572 pro

79 2570 217 2612 dactylo
244 2571 390 2612 habent,
426 2571 626 2616 praesertim
660 2573 744 2606 sede
769 2574 888 2618 prima,

78 2615 176 2649 velut
209 2597 438 2658 ll.a‘,1'93.
481 2618 562 2662 quia
598 2623 710 2652 tamen
748 2620 888 2653 dubium

79 2664 156 2702 est,
181 2673 223 2695 an
248 2662 304 2696 hic
329 2666 431 2707 poeta
454 2663 490 2697 in
516 2663 612 2697 brevi
630 2665 780 2699 carmine
805 2677 888 2698 ean-

80 2707 157 2741 dem
180 2707 248 2741 sibi
271 2708 440 2742 licentiam
465 2709 642 2749 sumserit,
671 2711 781 2745 malim
805 2710 887 2746 Πύ-

78 2754 171 2787 θιον
195 2749 265 2788 οὖν
288 2758 368 2789 καλ.
391 2755 493 2789 facile
517 2756 683 2789 exciderit
708 2769 777 2792 ουν
801 2769 886 2802 pro-

80 2805 199 2843 pter·
209 2812 252 2834 ον
275 2801 403 2838 simile
435 2801 526 2845 quod
560 2803 746 2836 antecedit.
794 2804 887 2837 Her-

79 2856 203 2879 manno
228 2847 356 2899 placuit
388 2843 648 2891 ἀγκαλέουσιν,
680 2860 746 2893 quo
778 2851 886 2883 verbo

81 2891 220 2935 saepius
244 2891 354 2926 utitur
379 2894 487 2938 Apoll.
511 2894 689 2936 Rhodius,
713 2906 780 2929 non
803 2895 887 2929 item

84 2937 206 2979 Hom„
240 2939 337 2982 cnjus
371 2951 557 2975 sermonem
587 2940 621 2974 hi
655 2943 780 2986 Ροὸιῑιο
810 2940 887 2976 imi-

930 1771 1061 1804 tantur.
1117 1770 1251 1805 κεῖθι
1289 1764 1468 1808 αὐτοῦ,
1521 1778 1560 1802 eo
1593 1765 1667 1824 ipso
1698 1767 1738 1801 in

931 1816 1015 1849 loco.
1076 1815 1355 1860 „particularum
1396 1815 1498 1850 κεῖθι
1537 1813 1574 1848 et
1616 1812 1738 1848 αὐτοῦ

931 1861 1124 1904 conjunctio
1149 1873 1247 1916 quam
1273 1861 1402 1894 addere
1433 1861 1522 1895 solet
1543 1860 1736 1894 sententiae

929 1908 1156 1951 gravitatem,
1195 1908 1298 1941 etiam
1332 1907 1364 1941 h.
1389 1907 1412 1940 l.
1447 1905 1564 1940 addit·
1593 1907 1734 1946 ibidem,

931 1965 1037 1997 germ.
1062 1955 1146 1986 eben
1169 1955 1257 1987 dort.
1292 1964 1325 1989 v
1353 1953 1478 1987 matth.
1515 1956 1602 1987 nott.
1629 1953 1674 1987 ad
1699 1954 1733 1987 h.

930 1999 1040 2033 Merc.
1066 2001 1149 2040 169,
1186 1999 1364 2037 Schaefer.
1397 1999 1440 2032 ad
1476 1999 1625 2044 Gregor.
1649 1999 1733 2032 Cor.

931 2057 964 2090 p.
991 2047 1079 2086 873,
1115 2045 1273 2079 Eustath.
1295 2045 1338 2078 ad
1373 2045 1413 2078 11.
1438 2043 1490 2085 θ’,
1521 2046 1603 2087 207,
1637 2045 1736 2079 Ηοιιι.

932 2091 1042 2136 epigr.
1076 2093 1109 2131 3,
1135 2093 1167 2126 5.
1202 2091 1445 2124 sententiarum
1481 2097 1592 2124 autern
1628 2101 1736 2125 nexus

931 2149 973 2170 ne
999 2138 1054 2170 cui
1078 2138 1302 2181 perturbatus
1333 2136 1503 2176 videatur,
1539 2137 1589 2170 sic
1613 2149 1651 2176 se
1675 2138 1737 2176 ba-

930 2184 1007 2216 bet:
1041 2194 1184 2227 serpens
1208 2183 1286 2223 illa,
1323 2194 1395 2216 cum
1430 2183 1510 2216 solis
1542 2183 1638 2216 calor
1661 2194 1734 2217 eam

932 2229 1118 2273 putrefecis
1122 2235 1192 2268 set,
1226 2228 1337 2273 Pytho
1374 2230 1546 2273 appellata
1581 2234 1656 2267 est
1690 2233 1736 2261 A-

930 2275 1020 2319 pollo
1045 2281 1155 2308 autem
1180 2275 1231 2318 Ρ)
1237 2275 1298 2307 mii
1322 2286 1507 2319 cognomen
1531 2285 1572 2307 ex
1596 2286 1637 2307 eo
1661 2279 1736 2308 tra-

930 2320 1002 2360 xit,
1028 2312 1117 2365 quod
1141 2320 1199 2354 illo
1224 2320 1300 2365 ipso
1324 2321 1419 2362 loco,
1453 2332 1519 2364 quo
1542 2320 1736 2363 colebatur,

932 2366 1046 2400 occisa
1065 2367 1108 2400 ab
1133 2378 1173 2400 eo
1197 2377 1342 2410 serpens
1366 2367 1534 2412 putruit.“
1556 2367 1689 2401 Frank.

978 2425 1059 2458 202.
1106 2422 1350 2465 ,,ἕμελλες,
1390 2424 1427 2456 in
1451 2424 1546 2467 satis
1569 2430 1667 2466 erat,
1697 2423 1737 2457 ut

934 2471 1015 2504 etc.‘
1004 2471 1028 2488 “
1065 2469 1116 2503 ita
1139 2470 1287 2511 Frank.
1311 2469 1450 2504 laudato
1473 2471 1635 2526 Nitzsch5
1658 2481 1738 2504 ann.

934 2517 977 2550 ad
1004 2515 1132 2561 OdySS.
1158 2520 1197 2558 1,
1229 2495 1424 2552 23'2—37.
1459 2515 1644 2561 cf.11.a'‚
1666 2514 1738 2552 564

933 2567 1000 2596 etc.

976 2620 1057 2654 205.
1120 2618 1245 2653 montis
1279 2619 1476 2662 cacumine,
1519 2618 1611 2663 quod
1647 2619 1736 2653 fonti

931 2666 1073 2708 objecit,
1098 2677 1171 2698 eum
1196 2666 1413 2699 abscondidit
1434 2664 1573 2709 Apollo,
1597 2676 1642 2699 ne
1663 2676 1735 2700 am-

929 2711 1020 2756 plius
1043 2718 1257 2755 conspectum
1283 2712 1441 2746 admirati
1463 2711 1614 2744 homiues
1633 2721 1736 2754 prae-

931 2757 1100 2791 dicarent.
1149 2758 1234 2790 bene
1268 2758 1327 2802 ng
1343 2784 1352 2797 ‚
1390 2757 1575 2792 secundum
1612 2756 1735 2791 Ruhn-

932 2802 1086 2837 kenium.
1110 2804 1296 2857 πετραίῃς.
1298 2785 1412 2837 blibri·
1446 2803 1613 2848 πέτρῃσι,
1639 2803 1730 2848 quod

932 2857 1040 2882 ortum
1068 2861 1088 2882 e
1119 2848 1312 2895 πετρήῃσι,
1347 2851 1475 2895 scripto
1497 2851 1556 2884 illo
1581 2861 1644 2894 pro
1667 2861 1732 2884 πε·-

931 2897 1098 2940 τραίῃσι,
1124 2909 1164 2930 αι
1186 2903 1222 2933 et
1245 2910 1268 2943 η
1292 2897 1492 2943 permutatis
1510 2897 1599 2930 iuter
1620 2906 1671 2939 se,
1693 2898 1734 2931 ut

932 2953 1038 2987 saepe
1061 2942 1156 2978 alias.
