1821 3288
545 83 1133 126 ΟΔΥΣΣΕΙΑΣ
1186 85 1238 127 P.

1666 89 1726 130 35

226 194 366 249 ξεῖνός
395 210 461 245 τις
489 193 705 267 δύστηνος
741 160 953 264 ἇλήτευεν
980 191 1091 237 κατά
1121 193 1273 263 δῶμα,

229 251 388 305 ἀνέρας
418 252 614 304 αἰτίζων·
646 249 926 306 αχρημοσύνη
955 249 1041 305 γὰρ
1069 248 1244 304 ἀνώγει.

229 308 330 352 ἐνθ’
361 308 486 352 α’λλοι
517 308 597 364 μὲν
625 308 782 358 πάντες
813 306 1056 377 ἐνέπλησάν
1085 306 1141 357 τ’,
1170 307 1334 364 ἔδοσάν
1361 323 1428 362 τε,

229 366 361 417 οὗτος
390 365 436 409 δὲ
465 365 629 422 θρήνπ
657 380 863 421 πρυμνον
892 364 997 421 βαλε
1026 363 1170 416 δεξιὸν
1199 365 1362 420 ιιῑίμονιι

321 467 401 502 dein
430 467 501 513 ΠΙ)
504 478 591 502 ssem
615 467 661 502 ad
684 478 722 501 se
745 466 873 502 arcessi
895 467 1016 512 jubet,
1049 466 1094 502 de
1124 466 1201 513 ipso
1224 466 1456 502 sciscitatura-

111 538 208 621 505*

304 534 366 578 ‘H
388 535 467 590 μὲν
497 534 574 588 ἄρ’
606 533 666 586 ὡς
695 534 883 607 ἀγόρευε
910 534 1016 590 μετὰ
1047 535 1219 607 δμωησι
1249 534 1464 590 γυναιξὶν,

184 590 365 664 *ἡμένη
393 592 442 635 έν
470 591 680 662 θαλάμῳ·
722 591 746 636 ὁ
778 590 822 636 δ’
853 592 1044 636 ἐδείπνεε
1075 594 1171 642 δῖος
1194 590 1449 642 Ὀδυσσεύς

218 649 248 706 ἡ
278 648 326 692 δ’
357 649 426 692 ἐπὶ
456 652 499 692 οἱ
527 649 746 693 καλέσασα
774 648 1006 704 προσηύδα
1036 650 1135 692 δῖον
1164 647 1391 718 ὑφορβόν·

299 705 501 776 ,ζἘρχεο,
533 705 591 749 δῖ’
625 704 816 761 Εὔμαιε·
847 705 959 749 κιών
987 705 1067 748 τὸν
1097 707 1238 758 ξεῖνον
1266 704 1437 776 ἄνωχθι

222 761 422 836 ἐλθέμεν,
454 762 577 817 ὄφρα
605 780 650 806 τι
677 779 754 817 μιν
782 760 1142 830 προσπτύξομαι,
1172 759 1253 817 ἠδ’
1281 761 1494 819 ἐρέωμαι,

112 822 196 866 510
225 821 268 862 εί
293 835 382 863 που
407 818 652 873 Ὀδυσσῆος
680 820 1008 872 ταλασίφρονος
1033 816 1081 873 ἠὲ
1110 818 1350 869 πέπυσται,
1543 827 1553 837 ⁹

221 875 253 933 ἢ
282 877 375 920 ι’δεν
405 874 699 931 ὀφθαλμοῖσι·
733 874 1051 932 πολυπλάγκτῳ
1080 875 1166 929 γὰρ
1198 874 1324 918 εὀικε.
1331 879 1357 901 ‘⁶

252 978 363 1023 quod
400 979 474 1023 ejus
509 977 689 1012 consilium
721 976 842 1012 laudat
864 977 1057 1019 Eumaeus,
1094 975 1212 1011 miram
1241 976 1390 1022 hospitis
1424 975 1632 1022 praedicans
1663 976 1720 1013 fa-

186 1024 359 1060 cundiam.

302 1092 393 1148 Τήν
423 1088 466 1136 δ’
500 1089 848 1148 απαμειβόμενος
877 1088 1131 1162 προσέφης,
1163 1089 1337 1145 Εὔμαιε
1367 1091 1564 1147 συβῶτα

217 1150 284 1221 „a
311 1150 396 1220 γάρ
425 1166 519 1201 τοι,
550 1150 767 1204 βασίλεια,
800 1146 1069 1199 σιωπήσειαν
1095 1145 1291 1205 Ἀχαιοί]

140 1238 148 1239 ff
219 1205 281 1251 οῖ’
312 1207 385 1262 ὅγε
415 1211 641 1261 μυθεῖται,
669 1203 873 1260 θέλγοιτό
903 1203 950 1247 κέ
979 1220 1048 1247 τοι
1079 1206 1212 1275 φίλον
1236 1205 1365 1274 ἡτορῖ

104 1265 188 1310 515
217 1268 331 1318 τρεῖς
363 1263 448 1319 γάρ
482 1262 537 1318 δή
566 1279 643 1317 μιν
671 1261 833 1313 νύκτας
863 1261 988 1333 ἔχον,
1017 1262 1118 1316 τρία
1148 1258 1195 1304 δ’
1225 1260 1360 1316 ἤματ’
1392 1259 1526 1315 ε’ρυξα

219 1321 267 1364 έν
297 1322 441 1391 κλισίῃ
473 1321 673 1389 (πρωτον
701 1319 785 1374 γὰρ
817 1316 884 1373 ε”μ
917 1319 1060 1371 ἵκετο,
1094 1316 1201 1388 νηός
1235 1317 1478 1387 ἀποδράς)·

219 1375 323 1421 αλλ’
353 1377 480 1422 οὔπω
512 1375 732 1434 κακότητα
761 1375 967 1434 διήνυσεν
998 1372 1053 1434 ἢν
1084 1373 1328 1432 ἀγορεύων.

49 1526 116 1562 pen
139 1526 284 1550 narrare
314 1525 385 1548 rem
418 1517 560 1559 gestam.
608 1525 714 1560 saepe
739 1528 753 1550 ι
776 1515 813 1549 et
838 1526 861 1550 ν

47 1563 201 1596 confusa.
227 1583 272 1588 —-
297 1562 509 1604 αἰτίζων.
556 1562 648 1602 222,
673 1561 753 1603 346,
779 1563 860 1596 365.

46 1627 94 1634 -—
118 1609 169 1642 E:
195 1604 525 1654 ἀχρημοσύνη.
574 1587 697 1642 {wiza
716 1606 861 1652 χρημά-

45 1667 132 1690 των.
180 1656 245 1700 Ap.
263 1655 294 1688 h.
317 1667 349 1688 v.
370 1656 493 1690 πενία.
518 1673 564 1678 ·—
589 1653 860 1700 ἐνέπλησάν

45 1699 96 1742 τ’,
121 1699 200 1736 εδο
214 1713 300 1736 σαν
323 1713 380 1736 τε.
430 1700 576 1745 simplex
601 1702 731 1737 oratio
766 1713 860 1735 more

45 1747 285 1803 antiquorum,
309 1759 372 1794 pro
397 1746 600 1791 ἐνέπλησαν
621 1746 760 1789 δόντες,
784 1747 860 1781 scil.

46 1790 114 1839 τὴν
139 1792 287 1837 πήραν,
318 1794 373 1827 vel
399 1792 536 1835 αὐτὸν,
573 1806 639 1839 quo
664 1806 767 1828 sensu
790 1795 861 1829 La-

46 1840 111 1876 tini
135 1839 256 1874 dicunt
280 1841 418 1895 explere
441 1841 603 1884 aliquem.

89 1888 170 1922 506.
218 1884 237 1921 ὁ
266 1883 303 1920 δ’
330 1884 550 1921 ἐδείπνεε
576 1886 684 1925 δῖος
698 1881 861 1921 Ὀδυσ-

47 1933 170 1972 σεύς.
226 1933 339 1976 quid?
384 1932 526 1978 prandit
560 1943 708 1977 pransus
740 1932 860 1975 (359),

48 1985 84 2014 et
111 1979 308 2023 opprobriis
332 1980 513 2023 oppletus,
539 1984 574 2011 et
599 1979 700 2022 plaga
725 1983 858 2011 tantum

44 2037 111 2059 non
135 2024 231 2058 letali
267 2026 509 2067 (489—491,
534 2026 621 2067 567)
662 2034 860 2069 percussus,

43 2076 302 2124 proptereaque
337 2071 490 2114 flagrans
525 2070 642 2104 dolore
675 2076 778 2115 atque
803 2070 858 2103 ira

44 2117 174 2162 (465),
211 2123 250 2150 ut
284 2117 318 2150 in
352 2119 519 2160 superiori
512 2116 588 2150 ibus
621 2116 857 2151 935—2382

44 2175 131 2198 cave
155 2164 290 2197 credas.
342 2163 572 2206 abjectissimo
606 2162 706 2196 vilior
734 2162 858 2196 suisset

45 2221 190 2251 ertone,
225 2221 288 2243 nec
328 2209 548 2249 Telemachi,
591 2209 787 2253 Penelopae
821 2214 858 2244 et

40 2257 190 2310 ipsorum
202 2267 384 2298 procorum
404 2255 700 2289 commiseratione
721 2255 856 2299 dignus,

45 2302 76 2337 si
98 2308 166 2336 tam
192 2303 431 2343 invenustum,
455 2307 592 2346 tamque
612 2298 856 2346 ἅναισθητον,

44 2360 84 2383 se
108 2348 337 2404 praebuisset.
386 2347 602 2403 restituamus
637 2350 762 2393 poetae
786 2359 858 2382 ma-

47 2406 124 2428 num
148 2405 243 2428 suam
267 2407 288 2429 o
315 2392 355 2429 δε
380 2393 425 2439 δή
459 2393 563 2436 πνέε,
596 2395 655 2428 ille
687 2406 766 2427 vero
792 2406 858 2427 an-

43 2441 207 2482 belabat,
240 2440 314 2474 sive
348 2442 439 2474 iram
462 2442 640 2485 spirabat,
677 2440 771 2485 quod
795 2451 858 2485 per

44 2499 82 2520 se
130 2487 257 2521 dicitur
301 2498 543 2531 nonnunquam
584 2490 711 2528 πνεῖν,
762 2487 858 2520 velut

45 2533 169 2577 Eurip.
197 2533 358 2567 Androm.
382 2535 462 2568 328.
496 2534 632 2577 (32202
663 2529 856 2567 τοσόνδ’

43 2578 306 2621 ε’πνευσας,
363 2580 422 2613 ubi
478 2580 614 2613 schol:
674 2579 856 2615 τοσοῦτον

44 2625 233 2680 ἐπήρθης,
252 2624 505 2670 ἐθρασύνθης,
525 2623 743 2670 ἐθυμώθης.
791 2626 856 2659 mi-

43 2673 148 2714 reris,
185 2671 337 2716 putidam
361 2672 513 2706 mendam
541 2672 599 2705 diu
624 2671 767 2707 tolerari
791 2683 855 2717 po-

43 2718 152 2753 tuisse
175 2718 210 2751 in
236 2718 462 2763 pulcherrimo
487 2718 657 2760 carmine,
682 2719 743 2752 sed
770 2717 856 2752 nihil

43 2765 224 2799 socordius
258 2769 312 2797 est
336 2764 505 2805 librariis,
544 2765 706 2819 nihilque
732 2775 856 2818 super-

42 2810 211 2845 stitiosius
237 2809 393 2854 plurimis
412 2809 624 2850 editoribus,
651 2810 707 2844 ubi
725 2811 761 2844 id
780 2810 856 2854 agi-

43 2864 113 2898 tur,
138 2861 176 2890 ut
200 2856 333 2890 illorum
358 2867 493 2889 errores
527 2856 712 2890 inveterati
747 2856 856 2890 corri-

43 2907 183 2946 gantur.
232 2902 324 2946 quod
362 2903 405 2936 ad
441 2902 576 2945 singula
609 2903 710 2947 hujus
743 2914 857 2936 emen-

42 2947 192 2985 dationis
226 2949 372 2993 attinet,
408 2946 449 2985 δε
484 2946 532 2994 δή
565 2949 668 2986 Hom.
703 2947 792 2986 dixit
815 2948 856 2986 Π.

907 1511 952 1554 σ’,
977 1514 1034 1548 ΞΟ.
1061 1516 1096 1547 et
1119 1524 1226 1557 saepe
1250 1511 1357 1554 alias,
1395 1511 1487 1558 quod
1519 1513 1572 1545 est
1596 1510 1720 1545 fortius

907 1560 1113 1595 affirmantis
1149 1559 1300 1604 aliquid3
1344 1560 1387 1592 de
1420 1559 1572 1593 confusis
1606 1563 1720 1591 autem

905 1619 929 1651 η
956 1612 992 1640 et
1016 1619 1048 1641 ει
1072 1606 1153 1640 vide
1176 1606 1223 1649 η’,
1248 1606 1341 1645 2863
1367 1616 1428 1638 nec
1454 1606 1635 1638 obscurum
1655 1611 1720 1644 est,

906 1653 1013 1687 multa
1038 1659 1214 1686 auctorum
1248 1652 1324 1684 loca
1357 1651 1518 1685 laborare
1548 1651 1721 1696 scriptura

906 1699 985 1734 olim
1010 1699 1140 1734 usitata
1164 1697 1335 1732 continua.

956 1747 1025 1781 509
1058 1764 1103 1769 —
1135 1747 1216 1781 511.
1300 1740 1720 1786 προσπτύξομαι,

904 1803 1122 1835 πρ-ωμαι,
1152 1796 1191 1824 ut
1210 1789 1386 1834 ἐρέωμσιε
1419 1789 1545 1835 alioqui
1567 1790 1653 1823 enim
1685 1795 1721 1823 et

905 1837 974 1882 ipsi
1006 1839 1120 1871 futuro
1154 1838 1251 1870 locus
1295 1841 1398 1870 esset.
1458 1848 1491 1870 v.
1529 1836 1654 1871 Manli.
1684 1838 1719 1878 §-

907 1885 989 1924 519,
1013 1883 1048 1918 4.
1096 1887 1248 1917 ceterum
1274 1884 1318 1916 cf.
1345 1879 1388 1926 γ’,
1412 1883 1458 1916 22
1483 1886 1550 1916 etc.
1575 1901 1619 1906 —
1645 1894 1721 1915 τα-

906 1929 1227 1973 λασίφρονος,
1266 1927 1471 1974 τλήμονος,
1513 1926 1721 1962 πολύπλαν-

906 1989 980 2015 τος.
1030 1974 1077 2017 α’,
1103 1977 1147 2010 87
1175 1981 1244 2009 etc.
1274 1994 1322 2000 —
1357 1974 1720 2021 πολυπλάγκτῳ.

906 2001 1122 2062 425‚11.'z¹,
1147 2023 1227 2056 308

949 2068 1166 2104 513-527.
1213 2066 1258 2102 εἰ
1284 2065 1372 2112 γάρ
1397 2080 1475 2102 τοι
1498 2087 1544 2095 --
1573 2065 1719 2112 Ἀχαι·

904 2113 968 2157 οὶ,
992 2115 1148 2156 utinam,
1172 2125 1191 2147 ο
1214 2116 1366 2158 regina,
1398 2115 1462 2148 tibi
1487 2114 1546 2156 (h.
1571 2127 1600 2149 e.
1625 2122 1719 2149 tuam

903 2161 939 2194 in
963 2161 1132 2205 gratiam,
1167 2164 1205 2193 ut
1236 2164 1273 2194 tu
1306 2160 1398 2194 illum
1432 2160 1553 2194 audire
1579 2161 1718 2206 posses)

903 2212 1059 2242 tacerent
1086 2205 1222 2241 Graeci.
1269 2206 1357 2242 dicit
1381 2212 1491 2241 autem
1517 2218 1657 2265 procos.
1672 2227 1718 2232 —-

903 2253 956 2287 E:
991 2252 1034 2287 τὸ
1071 2252 1153 2288 οἷα
1189 2248 1271 2309 όγε
1311 2255 1426 2307 μνθ.
1474 2250 1608 2296 ὅμοιόν
1641 2251 1719 2289 ἐστι

901 2300 954 2341 τῷ
987 2295 1052 2335 οἷ’
1095 2296 1370 2355 ἀγορεύεις,
1414 2293 1436 2332 ὃ
1468 2312 1542 2342 προ
1586 2297 1717 2344 ὀλίγων

905 2344 1004 2381 εἶπεν
1029 2359 1049 2380 ο
1073 2343 1265 2386 Ἀντίνοος.
1283 2365 1328 2371 --
1344 2344 1468 2389 ε’χον,
1494 2347 1600 2380 habui
1624 2359 1666 2391 ap
1671 2347 1718 2382 ud

903 2404 958 2427 me
993 2393 1095 2426 domi.
1153 2404 1220 2426 non
1261 2395 1315 2425 est
1347 2394 1587 2437 premendum,
1623 2393 1717 2437 quod

904 2438 994 2472 dixit
1017 2438 1155 2477 νύκτας
1178 2438 1240 2473 καὶ
1263 2436 1409 2482 ἤματα.
1435 2450 1502 2473 non
1523 2443 1654 2480 contra,
1679 2444 1717 2475 ut

903 2496 960 2519 res
984 2485 1071 2518 fuit:
1105 2497 1180 2518 nam
1206 2496 1302 2518 mane
1327 2474 1473 2529 Uly‘sses
1509 2485 1650 2518 advenit
1671 2485 1717 2519 ad

903 2531 1091 2565 Eumaeum
1117 2535 1196 2576 post
1213 2531 1469 2575 navigationem
1493 2536 1713 2564 nocturnam·
1703 2557 1714 2572 ,

903 2577 965 2611 sed
990 2577 1041 2611 ita
1065 2588 1129 2622 per
1147 2578 1478 2622 hysteronproteron
1499 2577 1637 2611 locutus
1661 2583 1716 2612 est

901 2623 1142 2665 familiariter,
1193 2623 1362 2668 metrique
1412 2622 1514 2656 etiam
1564 2623 1715 2658 fortasse

902 2680 1029 2710 causa,
1067 2669 1123 2703 cui
1157 2669 1291 2714 positus
1323 2669 1381 2702 ille
1419 2669 1601 2702 verborum
1633 2681 1716 2703 con-

902 2716 1074 2759 gruebat,
1099 2720 1137 2749 ut
1165 2716 1261 2760 Virg.
1289 2715 1372 2747 Aen.
1397 2714 1440 2756 6,
1467 2715 1565 2750 127.ε
1601 2722 1715 2750 noctes

902 2767 1019 2816 atque
1032 2762 1105 2795 dies
1130 2766 1228 2816 patet
1253 2760 1318 2795 atri
1338 2761 1442 2804 janua
1464 2760 1557 2794 Ditis
1582 2766 1649 2795 etc.
1668 2781 1714 2788 —-

900 2805 1153 2862 κακότητα
1184 2803 1262 2851 ἣν,
1303 2808 1462 2839 miserias
1493 2818 1586 2841 suas,
1644 2809 1713 2845 318

903 2859 970 2888 etc.
995 2874 1041 2879 —
1074 2852 1334 2898 διήνυσεν,
1358 2853 1515 2888 absolvit.
1561 2851 1714 2899 αὐξητι-

902 2898 971 2936 κὸν
1010 2911 1070 2934 seu
1105 2900 1221 2944 potius
1261 2898 1444 2943 γραφικόν
1485 2905 1538 2933 est
1579 2900 1644 2935 διαὶ
1678 2901 1713 2935 in

903 2946 1170 2995 compositione,
1203 2948 1242 2981 ut
1265 2946 1390 2992 hymno
1413 2944 1449 2981 in
1471 2946 1585 2993 Apoll.
1611 2948 1710 2984 108.

1304 2992 1378 3036 3*
