1821 3288
411 74 729 121 ADDENDA
767 71 850 116 ET
884 71 1320 115 EMENDANDA.
1616 70 1702 111 393

37 191 151 226 ciendi
173 202 272 237 quam
295 188 429 225 dicendi
454 187 610 233 peritior,
627 186 786 230 neglecta
809 185 886 231 ipsa
909 184 1039 224 salute,
1064 194 1132 226 quo
1156 182 1258 217 citius
1283 183 1325 218 ad
1351 194 1424 217 rem
1446 179 1575 223 veniat,
1590 177 1701 218 α’ῧδα,

37 238 172 283 inquit,
215 233 238 272 ὅ
262 250 298 272 τι
322 234 489 279 φρονέεις
515 239 606 274 etc.;
638 234 687 267 illi
719 233 826 266 verba
863 233 974 266 Τίπτε
996 249 1044 256 —-
1065 230 1237 271 θαμίζεις
1261 241 1304 262 ex
1328 229 1564 273 superioribus
1599 236 1702 269 repe-

39 286 146 319 tenda
190 295 266 317 esse
308 284 538 327 putaverunt,
577 284 660 325 anta
703 277 761 311 illa
797 278 951 318 Chariti,
994 275 1051 309 hic
1093 280 1205 309 autem
1238 275 1316 307 nive
1345 275 1540 319 frigidiora.
1583 273 1628 305 cf.
1650 269 1700 310 ν’,

39 329 120 370 431,
147 327 199 369 ω’,
224 330 302 364 139.
325 347 372 354 --
394 325 475 360 429.
498 336 582 358 scr-2
606 325 630 368 ’ἠ
657 321 730 366 ἄρα
755 327 820 356 etc.
847 342 892 349 —-
915 322 996 357 458.
1021 332 1097 356 ann.
1122 331 1210 355 sci-‚z
1237 317 1332 361 „va
1359 321 1391 353 h.
1417 333 1447 354 e.
1473 317 1555 354 υἷι“
1580 322 1702 351 etc.—

39 377 120 411 485.
145 386 223 408 ann.
247 384 336 407 sen:
361 373 489 415 „Scire
514 368 621 405 ’κάτ’
646 376 711 403 etc.
736 388 781 394 —-
804 368 882 405 488.
907 380 997 402 scr.:
1021 366 1191 409 Ὠρίωνα.
1229 385 1276 392 —-
1305 364 1383 400 489.
1416 378 1483 400 scr.
1507 363 1702 399 ὠκεανοῖο.

39 441 88 448 --
109 422 188 457 531.
214 418 324 463 Apoll.
351 418 501 452 emend.:
529 414 721 459 εἰράων.
742 414 817 449 τῶν
842 415 1193 458 ἐκκλησιαστηρίων,
1232 409 1306 446 ἀπὸ
1332 412 1399 445 τοῦ
1423 413 1553 454 εἴρειν,
1580 407 1604 444 δ’
1628 410 1704 444 ἐστι

40 466 176 510 λέγειν,
202 461 251 505 αἷς
275 462 348 498 ἀπὸ
375 466 442 498 τοῦ
468 461 662 508 ἀγορεύειν
688 461 796 504 (ἱωοι
822 460 980 506 ἄγέρειν)
1008 457 1126 502 α’γορή
1143 485 1151 501 ,
1176 456 1198 503 ἡ
1223 456 1404 500 ἐκκλησία.
1429 475 1478 483 --
1500 456 1581 491 543.
1606 453 1706 490 ἐλοι-

41 523 229 555 στρεον.
253 510 481 553 ἐλαστρεύειν
505 510 609 542 habet
637 506 767 541 Herod.
793 508 836 548 2,
864 509 945 543 158..
975 510 1010 540 et
1033 508 1067 547 7,
1091 505 1146 542 24,
1170 524 1218 531 -—
1251 505 1332 540 546.
1356 504 1485 547 Apoll.:
1511 501 1706 546 ὄγμους.

39 557 130 599 τούς
163 560 237 590 τῶν
267 557 491 601 θεριζόντων
527 556 695 598 στίχους,
732 566 764 586 κ.
788 550 876 593 τούς
899 552 1075 591 αὔλακας.
1099 571 1146 577 --
1178 552 1258 585 576.
1282 550 1460 583 redeamus
1485 549 1529 581 ad
1557 548 1707 592 scriptu-

40 616 113 639 ram
137 603 321 638 editionum
348 605 436 637 hanc
459 602 542 644 περὶ
567 600 599 643 ῥ.
624 600 805 642 δονακῆα.
835 605 1007 643 vagantur
1038 599 1145 632 boves
1179 597 1305 631 circum
1330 595 1534 629 arundineta
1565 594 1599 626 in
1631 594 1709 638 ripa

41 649 150 686 fluvii.
176 649 219 682 de
243 649 344 692 παρά
371 654 407 683 et
423 649 512 688 ,περὶ
536 658 681 691 praepp.
706 646 857 679 confusis
884 658 918 678 v.
942 643 998 688 ψ’,
1021 645 1101 678 683.
1138 662 1185 670 —-
1223 643 1302 677 589.
1339 642 1473 686 ApolL:
1507 641 1709 681 κλισίην.

41 696 112 740 ’τήν
137 694 285 739 σκηνήν.
309 694 446 737 λέγεται
467 692 507 729 δὲ
532 693 594 727 καὶ
619 692 641 737 ἡ
667 691 851 733 καθέδρα·
876 691 930 736 τῇ
955 688 1088 730 napo?
1112 688 1199 732 μὲν
1232 690 1429 732 κλισίην
1454 686 1573 729 πυρὶ
1599 684 1712 719 κάτ-

43 746 197 778 θεσαν
221 741 311 786 (Od.
334 740 377 779 τ’,
400 741 475 783 55).
497 739 639 782 λέγεται
663 736 704 772 δὲ
734 736 855 778 οὕτως
886 737 950 772 καὶ
982 735 1006 781 ἡ
1032 735 1204 776 ἔπαυλις,
1246 733 1319 769 ἀπὸ
1346 736 1415 769 τοῦ
1439 734 1631 767 κλίνεσθαι
1662 729 1712 765 τοὶ

42 787 253 832 θρέμματα.
279 787 327 821 ibi
351 787 463 821 Tou:
501 782 558 830 „vj
583 785 793 822 ἔπαυλις.
817 795 881 828 pro
905 795 986 817 casa
1019 782 1185 826 pastorali
1211 786 1247 814 et
1270 781 1400 814 rustica
1423 791 1496 813 cum
1528 778 1605 811 aliis
1627 777 1713 812 mul-

45 836 92 869 tis
116 835 201 868 locis
226 834 363 877 ponitur
388 834 455 867 hoc
477 843 594 865 nomen
610 858 618 872 ‚
654 837 725 864 tum
750 842 831 864 vero
855 830 896 862 ΙΙ.
922 829 966 869 σ’,
989 830 1089 864 5ὅ9.;
1128 826 1321 870 σταθμούς
1356 839 1394 862 τε
1416 846 1463 853 --
1484 824 1643 869 σηκούς,
1676 827 1713 858 et

47 881 118 916 Od.
143 877 187 924 0¹,
212 881 309 914 3oo.:
335 878 386 913 τώ
410 876 451 913 δ’
478 873 565 912 αὖτ’
594 877 632 912 ἐν
656 877 774 922 κλισίῃ
797 875 974 915 Ὀδυσεῦς
1013 887 1045 907 κ.
1071 874 1152 913 δῖος
1175 869 1346 917 ὑφορβὸς
1380 875 1602 915 Δορπείτην.
1632 880 1712 904 mox

46 927 203 971 sequitur
226 937 258 960 v.
284 926 383 960 305³
409 922 531 959 αὐτοῦ
555 923 609 959 ἐνὶ
635 922 790 968 σταθμῷ
815 928 882 956 etc.
916 922 961 955 cf.
986 920 1137 962 Hesych.
1164 932 1198 953 v.
1222 922 1357 960 κλίσις,
1390 919 1447 952 ubi
1470 923 1567 951 recte
1599 928 1714 950 emen-

47 973 163 1007 datum
186 972 324 1011 κλισία,
349 977 385 1004 et
409 971 525 1013 Etym.
552 982 586 1014 p.
610 971 697 1009 520,
723 981 755 1002 v.
780 969 840 1002 8.⁶‘
863 986 910 993 —-
933 968 1011 1002 596.
1036 965 1274 1010 ἐῢννήτου
1290 978 1318 1005 ς.
1343 965 1428 998 nihil
1452 975 1536 1008 opus
1560 976 1582 997 ν
1606 962 1714 1005 gemi-

46 1024 139 1055 nato.
175 1017 297 1061 scripti
328 1016 478 1061 optimae
510 1022 634 1055 notae,
669 1014 705 1048 in
737 1014 858 1057 quibus
895 1014 981 1047 Ven.
1005 1019 1041 1045 et
1073 1012 1195 1053 Har1.,
1220 1012 1403 1045 editionum
1439 1021 1523 1044 vero
1547 1010 1712 1042 Aldinae:

47 1061 247 1108 εὕνήτους,
271 1063 304 1095 h.
331 1074 361 1095 e.
388 1060 580 1105 ἔϋνήτους.
603 1061 654 1094 ita
681 1059 898 1093 scribendum
923 1065 986 1091 est.
1012 1070 1045 1094 v.
1067 1069 1145 1091 ann.
1171 1057 1215 1090 ad
1240 1058 1318 1092 410.
1343 1077 1391 1082 -—
1414 1057 1492 1090 598.
1518 1067 1595 1091 aun.
1620 1065 1711 1087 sen:

47 1129 95 1144 .-—-·
117 1108 332 1154 „pyrrhiche
355 1114 392 1141 et
419 1107 533 1142 aliae“
557 1111 625 1140 etc.
650 1125 697 1133 -—
720 1107 797 1141 605.
824 1103 944 1140 δοιώ
970 1102 1018 1139 δὲ
1042 1105 1366 1148 κυβιστητῆρε
1399 1099 1501 1136 κατ’
1528 1099 1714 1140 αὐτούς

46 1156 252 1198 Μολπῆς
281 1152 582 1198 ἐξάρχοντες
607 1152 837 1188 ἐδίνευον
859 1149 978 1186 κατὰ
1000 1151 1213 1194 μέσσους.
1252 1150 1303 1184 sic
1327 1148 1407 1183 libri
1437 1147 1612 1181 Homerici
1635 1158 1713 1180 cum

47 1203 83 1238 h.
105 1203 150 1242 ,l.‚
175 1208 245 1234 tum
271 1201 340 1233 Od.
366 1199 410 1241 δ’,
435 1203 499 1241 18;
523 1200 584 1233 sed
610 1201 734 1232 Athen.
759 1200 792 1234 5.
818 1210 852 1242 p.
879 1200 975 1233 180.=
1001 1196 1229 1241 ἐξάρχοντος.
1263 1197 1299 1229 id
1325 1194 1453 1240 placuit
1476 1194 1627 1236 Wolfio,
1652 1204 1714 1226 eo-

50 1261 117 1294 que
138 1251 282 1290 accepto
306 1257 438 1280 sensum
464 1246 561 1289 hujus
584 1246 652 1278 loci
676 1245 897 1289 perspexisse
920 1244 986 1276 sibi
1009 1245 1105 1277 visus
1129 1248 1182 1277 est
1205 1243 1258 1275 vir
1282 1241 1541 1275 eruditissimus.
1568 1246 1606 1274 at
1630 1251 1713 1272 vero

49 1293 143 1330 istud
168 1290 252 1328 κατ’
279 1290 418 1333 αὐτοὺς
441 1292 524 1336 quid
549 1291 614 1324 sibi
638 1292 744 1324 vult?
768 1290 971 1333 Berglerus:
997 1291 1088 1323 inter
1111 1291 1214 1333 ipsos.
1239 1288 1393 1321 nimirum
1418 1287 1452 1320 id
1479 1287 1578 1319 Hom.
1604 1285 1714 1318 dixis-

51 1346 106 1376 set
130 1339 169 1375 ἐν
193 1337 323 1379 αὐτοῖς
346 1339 402 1372 vel
425 1336 505 1381 μετ’
533 1335 685 1377 aureis.-
719 1343 754 1370 et
776 1337 856 1378 fac,
881 1336 970 1369 idem
994 1346 1119 1368 sonare
1143 1333 1231 1369 κατ’
1255 1332 1412 1374 αὐτούς,
1451 1332 1494 1365 de
1518 1344 1584 1376 quo
1608 1333 1714 1365 vehe-

51 1391 183 1421 menter
207 1385 344 1423 dubito,
368 1384 449 1429 quid
475 1395 561 1428 opus
587 1383 680 1416 hisce
704 1383 840 1423 verbis,
874 1393 948 1414 cum
973 1388 1139 1425 sequatur
1172 1377 1267 1415 κατὰ
1295 1378 1480 1423 μέσσουςῖ)
1518 1378 1628 1411 sensit
1650 1378 1715 1411 hoc

51 1433 187 1476 Heyn.‚
212 1431 367 1475 quamvis
391 1437 530 1463 servata
554 1429 710 1473 Bergleri
734 1428 1040 1470 interpretatione,
1065 1428 1126 1459 sed
1151 1427 1331 1460 remedium
1358 1425 1468 1458 ulceri
1493 1425 1578 1457 male
1603 1424 1715 1458 celato

51 1478 144 1514 haud
169 1477 311 1511 invenit.
347 1475 448 1517 vide,
485 1475 630 1508 candide
654 1475 782 1514 lector,
824 1484 867 1506 an
899 1483 960 1506 nos
984 1472 1119 1506 taudem
1153 1472 1382 1516 repererimus
1411 1469 1594 1503 scribendo
1628 1464 1718 1504 κατ’

52 1522 194 1561 αὐλοὺς
217 1528 270 1562 et,
299 1522 411 1555 vitato
436 1521 728 1564 homoeoteleuto,
753 1518 848 1553 κατὰ
870 1517 1026 1562 μέσσον,
1054 1518 1146 1562 quod
1171 1519 1317 1551 habetur
1344 1517 1472 1562 Odyss.
1499 1514 1543 1556 δ’,
1570 1517 1612 1550 19
1628 1542 1638 1558 ,
1663 1527 1719 1550 re·-

52 1570 154 1615 liquis
177 1567 374 1601 immutatis
406 1564 490 1602 κατ’
524 1566 663 1607 αὐλούς
695 1567 836 1609 μολπῆς
869 1565 1084 1608 ἐξάρχοντες
1125 1565 1253 1598 dictum
1277 1569 1342 1604 est,
1367 1569 1405 1597 ut
1438 1562 1561 1606 Eurip.
1586 1563 1720 1595 Phoen.

51 1618 133 1652 733.
157 1614 264 1648 dixit:
289 1614 408 1648 λωτοῦ
432 1612 527 1648 και-οὶ
551 1611 744 1655 πνεύματα
768 1612 892 1653 μέλπει
916 1613 1060 1653 μοῦσαν
1084 1615 1150 1646 etc.
1176 1610 1297 1654 μολπή
1323 1614 1378 1642 esl:
1399 1609 1547 1649 παιδιά,
1568 1607 1721 1649 saltatio,

52 1673 153 1708 quam
176 1660 228 1694 illi
251 1660 317 1693 duo
351 1661 479 1693 ceteris
513 1659 846 1703 praemonstrabant.
886 1657 949 1700 (cf.
985 1657 1114 1701 Odyss
1141 1654 1182 1698 ζ’,
1208 1660 1271 1692 101
1296 1657 1382 1699 etc.)
1421 1660 1475 1688 est
1498 1656 1563 1688 hoc
1586 1654 1722 1699 insigne

52 1707 243 1752 exemplum
267 1706 485 1739 confusarum
509 1708 528 1739 λ
553 1711 588 1738 et
612 1719 632 1739 τ
655 1706 865 1746 litterarum3
891 1716 990 1748 quem
1017 1715 1167 1737 errorem
1192 1702 1368 1746 attigimus
1393 1713 1469 1736 ann.
1500 1701 1544 1734 ad
1579 1701 1648 1735 Od.
1675 1700 1721 1743 ρ’,

52 1757 88 1790 6.
115 1754 158 1787 de
181 1763 243 1786 usu
265 1752 428 1786 tibiarum
453 1752 511 1785 illo
536 1757 692 1793 tempore
716 1763 748 1788 v,
775 1762 850 1783 anu.
877 1756 912 1783 et
945 1751 981 1783 in
1006 1750 1147 1790 ordine,
1185 1755 1221 1782 et
1246 1750 1301 1781 hic
1327 1748 1369 1781 ad
1393 1745 1438 1788 κ’,
1466 1747 1520 1781 13.
1548 1747 1722 1780 Hesiodus

53 1799 130 1833 loco
154 1798 275 1841 simili,
300 1799 398 1843 ξοιη.
426 1797 526 1830 Herc.
551 1799 651 1832 280.:
691 1795 732 1830 αἳ
772 1795 810 1831 δ’
837 1792 912 1830 ὑπὸ
955 1797 1171 1840 φορμίγγων
1205 1793 1344 1839 ἄναγον
1377 1792 1490 1837 χορὸν
1516 1791 1722 1836 ἱμερόεντα.

45 1843 187 1882 Ἔνθεν
212 1841 255 1878 δ’
279 1841 378 1878 αὖθ’
406 1841 565 1886 ἑτέρωθε
589 1843 669 1879 νέοι
690 1841 860 1886 κώμαζον
884 1840 952 1877 v‘n'
981 1843 1123 1882 αὐλοῦ,
1169 1844 1278 1885 Τοίγε
1311 1839 1404 1884 μέγα
1428 1841 1618 1881 παίζοντες
1651 1836 1722 1873 ὑπ’

56 1891 235 1936 ὀρχηθμῷ
259 1903 293 1925 κ.
320 1888 457 1935 ἀοιδῇ,
485 1890 553 1924 Τοὶ
578 1889 618 1924 δὲ
642 1889 733 1934 μέγα
756 1888 952 1932 γελόωντες
975 1894 1064 1930 etc.;
1098 1888 1133 1921 in
1158 1888 1285 1932 quibus
1309 1899 1398 1932 quae
1435 1887 1536 1929 vulgo
1563 1887 1724 1930 leguntur
1757 1923 1761 1926 ⁴

54 1938 142 1973 haec
165 1939 223 1972 τοί
245 1949 284 1980 γε
307 1934 376 1979 μὲν
401 1933 453 1972 αὖ
475 1937 687 1978 παίζοντες,
716 1937 775 1971 τοί
798 1949 836 1980 γε
860 1935 928 1979 μὲν
954 1931 1003 1969 αὖ
1025 1933 1243 1979 γελόωντες,
1278 1946 1342 1967 non
1370 1937 1449 1967 sunt
1472 1933 1627 1966 ferenda.
1663 1944 1723 1965 no-

56 1989 127 2018 tum
152 1987 207 2017 est
231 1989 364 2024 autem,
402 1995 424 2027 y
449 1988 485 2016 et
507 1996 529 2017 ν
553 1983 687 2016 litteras
719 1982 915 2016 commutari
946 1982 1037 2015 inter
1061 1994 1099 2014 se
1123 1992 1381 2025 nonnunquam,
1421 1984 1457 2012 et
1483 1978 1524 2014 τό
1561 1992 1585 2012 οι
1609 1979 1724 2012 multis

55 2030 92 2065 in
115 2029 210 2063 libris
233 2029 374 2109 ‹aaudalzn
397 2029 557 2070 trahere,
589 2029 687 2074 quasi
711 2029 880 2074 scriptum
901 2028 949 2062 sit
973 2041 1013 2063 αι
1038 2028 1096 2062 vel
1119 2040 1191 2062 av.-
1225 2027 1305 2061 hinc
1337 2026 1404 2060 iste
1439 2036 1549 2060 error.
1570 2045 1618 2051 --
1640 2025 1722 2060 615.

56 2088 92 2113 v.
114 2086 192 2110 ann.
216 2086 235 2108 a
285 2077 327 2109 21
357 2101 366 2109 .

154 2123 207 2163 Τ,
232 2121 288 2154 91.
313 2132 390 2154 ann.
416 2125 497 2166 post
519 2121 629 2154 verba
652 2121 848 2155 Buttmanni
874 2122 929 2154 die
952 2122 989 2154 in
1009 2121 1085 2154 clem
1105 2121 1244 2153 mallen
1266 2119 1362 2152 m'clzt
1379 2116 1510 2151 excidit
1534 2129 1661 2151 waren.
1677 2135 1723 2144 --

58 2169 138 2204 133-
171 2164 249 2202 ’ὑπ’
287 2166 576 2211 Εὐρυσθῆος
610 2165 816 2209 ἀέθλων,
849 2173 993 2212 propter
1023 2168 1157 2200 labores
1180 2167 1223 2200 ab
1249 2165 1449 2208 Eurystheo
1469 2165 1665 2208 impositos.
1688 2175 1724 2199 v.

56 2213 185 2249 Matth.
210 2215 242 2255 §-
267 2214 345 2248 592.
369 2232 415 2238 -
463 2214 540 2250 178.
566 2225 643 2248 ann.
668 2215 718 2247 ita
741 2226 828 2247 scr.=
853 2233 931 2255 ‚‚—
948 2219 1090 2257 praeter
1123 2213 1263 2246 istorum
1288 2212 1350 2246 καὶ
1376 2210 1416 2245 δέ
1442 2221 1500 2244 σοι
1525 2229 1567 2234 -
1592 2209 1724 2244 {orm-‘⁶

58 2277 105 2285 -·
139 2261 216 2295 181.
238 2257 470 2303 Ἀτρείδη,
495 2258 547 2295 σύ
574 2259 624 2295 δὲ
649 2265 716 2293 etc.
752 2260 801 2293 ita
825 2259 919 2303 loqui
943 2259 1052 2293 solent
1078 2258 1228 2298 Graeci,
1265 2269 1327 2291 nec
1350 2257 1500 2290 subitam
1526 2256 1725 2289 conversio-

59 2316 136 2340 nem
171 2307 336 2339 orationis
359 2306 494 2339 indicat
519 2307 604 2340 haec
639 2306 748 2339 forma
771 2304 928 2348 dicendi,
966 2317 1053 2349 quae
1078 2305 1223 2338 Porsoni
1250 2304 1271 2339 Ι.
1297 2315 1328 2336 c.
1354 2303 1471 2347 opinio
1498 2307 1570 2342 est,
1603 2314 1666 2336 nec
1690 2302 1726 2335 in

61 2357 298 2386 commotorum
330 2352 562 2385 tantummodo
593 2352 804 2386 sermonibus
837 2353 945 2385 locum
970 2352 1096 2391 habet,
1136 2357 1176 2383 ut
1199 2351 1417 2383 Hermannus
1441 2348 1634 2391 existimat,
1669 2346 1730 2381 sed

60 2396 201 2430 honoris
224 2409 326 2431 causa
350 2399 469 2443 priore
492 2398 567 2431 loco
596 2399 753 2442 posuisse
770 2398 929 2431 videntur
946 2409 1064 2430 nomen
1082 2397 1175 2440 ejus,
1201 2407 1301 2439 quem
1327 2396 1580 2439 compellabant
1594 2407 1608 2435 ;·
1628 2404 1730 2438 quam

60 2447 175 2476 tamen
198 2444 348 2487 regulam
372 2444 516 2487 migrari
540 2456 804 2485 nonnunquam,
829 2444 1036 2476 Schaeferus
1061 2443 1240 2476 annotavit.
1263 2442 1307 2476 ad
1333 2442 1458 2486 Eurip.
1486 2441 1548 2474 Or.
1576 2440 1657 2475 614.
1673 2439 1730 2473 ed.

61 2487 208 2524 Porson.
233 2501 266 2522 v.
290 2490 352 2533 φ’,
385 2490 465 2525 448.
491 2494 557 2523 etc.
589 2509 636 2515 —
668 2492 748 2525 236.
772 2501 860 2522 sen:
899 2489 1030 2532 νηυσὶν
1057 2487 1121 2523 ἔπ’
1153 2484 1242 2533 'Ao-J.
1269 2507 1315 2512 —
1348 2487 1427 2521 275.
1460 2498 1539 2520 ann.
1563 2498 1649 2520 seru:
1685 2484 1735 2531 β’,

62 2535 142 2569 381.
169 2553 214 2559 -·
237 2535 317 2570 287.
340 2535 592 2578 Πάτροκλέ
615 2549 696 2580 μοι
723 2536 860 2581 δειλῇ
885 2539 1110 2570 πλεῖστον
1134 2533 1453 2579 κεχαρισμένε
1476 2533 1627 2577 θυμῷ.
1668 2543 1733 2565 nec

62 2580 129 2624 μοὶ
153 2580 296 2614 tolerari
321 2586 437 2626 potest
460 2584 533 2615 loco
558 2583 638 2623 illo,
663 2594 726 2615 nec
751 2581 832 2625 ἐμοὶ
853 2582 923 2625 jam
948 2582 1080 2627 placet,
1114 2582 1195 2624 quia
1219 2582 1269 2614 sic
1293 2591 1428 2624 quoque
1453 2579 1564 2612 media
1590 2578 1736 2612 nominis

62 2625 283 2668 Πάτροκλος
315 2627 533 2672 corripienda
566 2634 642 2669 est,
675 2630 766 2672 quod
792 2639 955 2672 nusquam
981 2628 1022 2660 fit
1046 2628 1138 2672 apud
1163 2629 1358 2661 Homerum.
1385 2625 1553 2668 glossema
1579 2631 1631 2658 est
1656 2623 1734 2668 μοὶ,

64 2674 244 2707 subnatum
273 2673 378 2712 illud,
405 2673 438 2706 ni
461 2675 574 2716 fallor,
601 2686 642 2707 ex
667 2686 734 2718 quo
760 2674 859 2719 δειλῇ
886 2673 1054 2718 perscribi
1079 2674 1213 2718 coepit,
1240 2672 1399 2715 neglecto
1418 2673 1641 2715 apostropho.
1659 2682 1735 2705 nam

64 2719 130 2753 hoc
155 2722 288 2763 puellam
314 2719 442 2752 dixisse
466 2726 566 2763 puto:
591 2718 782 2764 Πάτροκλε
808 2718 925 2760 δείλ’,
950 2716 974 2764 ἦ
998 2723 1056 2754 πλ.
1082 2733 1113 2753 κ.
1134 2722 1174 2754 θ.
1199 2738 1245 2743 -—
1262 2717 1356 2760 η’ρν
1374 2720 1487 2752 εῖτο.
1514 2717 1737 2761 supplendum

65 2764 198 2808 λέγων,
225 2771 264 2798 ut
292 2765 360 2798 Od.
385 2764 436 2805 κ’,
459 2766 538 2799 429.
564 2772 631 2802 etc.
657 2787 701 2791 -
732 2768 814 2801 348.
840 2767 950 2800 malim
973 2765 1108 2808 στάξον
1125 2765 1180 2800 ἔνι
1196 2763 1380 2808 στήθεσσι.
1407 2783 1451 2788 --
1475 2765 1554 2797 355.
1580 2762 1737 2807 ineptum

67 2807 162 2855 αὐτὴ
178 2836 186 2851 ,
217 2822 291 2864 cum
317 2810 433 2864 eaflem
457 2811 593 2844 dicatur
617 2812 651 2846 in
676 2813 920 2856 superioribus.
947 2813 1136 2856 ponendum
1162 2809 1287 2850 αὖτις,
1328 2805 1435 2847 αὖτις
1459 2808 1571 2853 ᾤχετο
1589 2834 1598 2850 ,
1621 2810 1746 2845 rediit.

68 2870 103 2897 ις
125 2862 320 2891 sexcenties
355 2869 390 2890 1n
420 2870 443 2900 η
467 2863 634 2891 mutatum
669 2859 755 2893 dicit
779 2860 833 2892 vir
858 2858 1041 2902 egregius,
1076 2858 1213 2891 Jacobs.
1237 2857 1376 2890 Anthol.
1403 2856 1515 2889 Palat.
1541 2857 1577 2890 3.
1603 2867 1637 2899 p.
1664 2856 1743 2890 153.

72 2903 119 2936 cf.
142 2903 212 2937 Od.
238 2903 279 2944 ε’,
306 2905 384 2938 190.
418 2903 452 2936 in
480 2903 566 2936 Add.
591 2905 659 2938 vol.
684 2908 724 2947 6,
751 2906 820 2939 Od.
846 2904 891 2947 γ’,
921 2906 999 2940 352.
1024 2923 1071 2928 -
1104 2903 1183 2939 40⁶2.
1210 2914 1288 2936 ann.
1312 2913 1404 2935 sent
1438 2902 1684 2948 ignei-issimis.
1709 2902 1746 2935 in

72 2948 148 2995 ipso
173 2950 324 2987 carmine
355 2954 424 2984 tam
449 2948 569 2985 durum
597 2951 677 2985 mibi
703 2963 792 2986 nuuc
817 2951 952 2986 videtur
979 2950 1106 2995 ἔσμεν,
1142 2955 1182 2983 ut
1206 2950 1439 2994 depravatum
1463 2960 1644 2993 censeam,
1677 2959 1746 2983 ma-
