1821 3251
568 70 1153 119 ΟΔΥΣΣΕΙΑΣ
1216 73 1264 114 P.

247 182 384 231 ἆσσον
413 182 457 229 δ’
488 182 629 229 οὐκέτ’
657 183 802 228 ἔπειτα
832 183 1055 239 δυνήσατο
1087 181 1157 227 οἷο
1187 182 1388 236 ἄνακτος

250 243 444 299 ἐλθέμεν
474 240 616 296 αύταρ
647 241 672 285 ὁ
701 241 867 310 νόσφιν
897 240 1006 285 ἰδών
1039 240 1319 295 ἀπομόρξατο
1351 239 1496 300 δάκρυ

136 303 220 344 305
246 301 347 356 ῥεῖα
375 299 531 343 λαθων
552 299 770 355 Εὔμαιον,
810 297 932 354 ἄφαρ
962 296 1006 342 δ’
1038 297 1247 375 ἐρεείνετο
1277 299 1432 358 μύθω·

248 401 399 448 Ulyssis,
423 413 539 437 canem
562 400 770 444 miserantis,
794 402 901 436 verba
925 401 968 436 ad
992 401 1190 444 Eumaeum,
1214 402 1357 447 ejusque
1380 401 1576 447 responsio.

331 468 534 540 ,,Εὔμαι’
546 503 556 520 ,
586 466 615 525 ἧ
645 468 764 542 μα’λα
790 468 947 540 θαῦμα
975 469 1097 514 κύων
1126 466 1201 513 ὅδε
1229 468 1338 513 κεῖτ’
1367 469 1432 512 ενὶ
1459 471 1626 531 κόπρῳ.

245 527 380 578 καλὸς
409 528 487 582 μὲν
518 526 651 580 δέμας
680 527 809 578 ἐστὶν,
842 525 953 581 ατοὶρ
984 526 1085 570 τόδε
1112 525 1161 582 γ’
1190 526 1245 569 ου’
1278 523 1402 582 σάφα
1433 523 1549 579 οἶδα,

1689 76 1718 118 10

247 586 286 626 εί
316 583 369 654 δη
399 584 473 627 καὶ
503 600 636 644 ταχυς
662 583 758 627 ε’σκε
790 584 911 627 θέειν
932 585 1014 627 ἐπὶ.
1040 586 1146 628 εἴδεϊ
1171 585 1295 640 τῷδε,

247 640 277 696 ἢ
306 642 466 693 αὔτως,
498 643 587 684 οἱοί
615 656 660 684 τε
685 645 920 712 τραπεζῆες
948 641 1079 692 κύνες
1113 641 1292 695 ἀνδρῶν

134 698 220 741 310
253 697 476 753 γίγνοντ’·

516 696 697 766 ἀγλαίης
727 698 768 740 6
793 691 946 744 εἵνεκεν
975 698 1214 753 κομέουσιν
1247 697 1444 747 ἄνακτες.
1449 699 1479 722 “

342 754 431 797 Τὸν
462 752 507 797 δ’
537 752 901 823 ἀπαμειβόμενος
929 754 1170 823 προσέφης,
1205 754 1378 810 Εὔμαιε
1408 754 1607 810 συβῶτα·

250 811 364 864 ,,καὶ
392 812 491 881 λίην
520 809 681 864 ἀνδρός
709 826 758 865 γε
786 808 910 852 κύων
940 809 1014 854 ὅδε
1045 815 1147 866 τῆλε
1181 812 1403 862 θανόντος

251 869 290 910 εἰ
319 866 488 910 τοῖόσδ’
520 868 584 921 είη
614 866 723 922 η’μεν
753 866 895 920 δέμας,
925 866 1001 922 ἠδὲ
1031 868 1105 910 καὶ
1135 867 1256 920 ε’ργα,
1438 919 1441 921 ‚

251 921 350 966 οἶόν
377 934 451 978 μιν
486 923 703 977 Τροίηνδε
741 922 852 966 κιών
880 924 1128 967 κατέλειπεν
1152 922 1402 977 Ὀδυσσεύς,
1458 932 1460 936 ’

138 979 221 1023 315
251 978 364 1030 αιψά
393 995 442 1023 κε
462 978 695 1050 θηήσαιο,
706 980 815 1023 ἰδών
845 982 1062 1036 ταχυτῆτα
1091 981 1165 1032 καὶ
1197 980 1349 1049 ἀλκήν.
1444 1025 1447 1028 ,

250 1035 307 1079 οὐ
336 1052 416 1089 μεν
443 1036 529 1090 γάρ
559 1053 601 1079 τι
629 1035 821 1092 φύγεσκε
850 1040 1033 1093 βαθείης
1061 1038 1266 1093 βένθεσιν
1296 1036 1404 1091 ὕλης

249 1092 506 1144 κνώδαλον,
536 1092 628 1136 ὅττι
658 1095 821 1138 δίοιτο·
850 1095 925 1137 καὶ
954 1096 1090 1150 ίχνεσι
1120 1111 1206 1148 γαρ
1236 1094 1432 1162 περιῄδη

247 1153 337 1193 νῦν
370 1149 418 1193 δ’
446 1150 584 1204 ε’χεται
613 1152 837 1211 κακότητι·
868 1151 976 1203 ἅναξ
1007 1153 1053 1195 δέ
1084 1153 1128 1195 οι
1158 1151 1313 1194 ἄλλοθι
1342 1149 1515 1206 πάτρης

251 1205 402 1261 ὤλετο,
432 1207 514 1252 τόν
544 1207 590 1251 δὲ
619 1213 822 1263 γυναῖκες
859 1206 1066 1266 ἀκηδέες
1071 1207 1126 1253 ού
1154 1208 1380 1266 κομέουσι.

74 1346 166 1392 κτήρ
177 1347 256 1391 τοῖς
267 1344 456 1387 τοιούτοις
466 1345 708 1403 φιλίαςέστίν.
718 1366 763 1372 -
784 1359 893 1384 απο-

74 1393 308 1438 μόριξατο.
345 1392 388 1435 σ’,
415 1393 493 1435 199,
525 1394 565 1428 11.
574 1392 636 1440 β’,
660 1395 728 1434 269
755 1397 821 1429 etc.
846 1412 890 1418 —

74 1439 186 1487 ῥεῖ-α
208 1441 370 1477 zoe-6621
395 1420 630 1487 Ευμαιον.
658 1432 762 1478 facile
786 1439 890 1484 Ulys-

74 1498 132 1523 ses
168 1488 350 1522 lacrimans
394 1486 496 1521 latuit
529 1488 717 1539 Eumaeum
731 1510 742 1526 ,
781 1485 888 1520 virum

74 1533 264 1579 simplicem
288 1538 324 1568 et
345 1534 490 1574 bonum,
516 1529 645 1578 quales
671 1531 779 1566 minus
803 1532 890 1568 alios

76 1581 265 1619 observant
288 1592 389 1626 quam
412 1559 554 1624 maligni
578 1584 614 1616 et
638 1578 765 1616 callidi.

123 1660 244 1696 308—
255 1661 341 1697 310:
373 1658 460 1695 ἐπὶ
493 1653 635 1696 εἴδεϊ
643 1660 706 1706 τῷ
733 1659 889 1701 δε,αᾶ

77 1706 168 1750 Ῑιάῃο
185 1710 352 1751 sormam,
375 1707 440 1741 hac
455 1707 576 1741 forma.
603 1707 724 1741 Voss*
751 1708 805 1740 bez
821 1707 889 1740 sol-

41 1745 204 1789 ,iihe‘rlei
227 1754 383 1801 bildung.
419 1753 546 1786 Matth.
583 1755 616 1794 §.
641 1755 721 1788 586.
756 1754 801 1788 cf.
834 1754 888 1786 in-

73 1799 185 1838 serius
207 1797 288 1834 454.
319 1819 367 1825 ——-
396 1796 420 1843 ἢ
445 1796 598 1841 αὕτως
629 1798 751 1841 ἔσκεν,
789 1797 890 1834 οἷοί

75 1857 128 1884 τε
150 1864 196 1870 -
220 1847 491 1900 γίγνονται,
517 1853 564 1879 an
589 1846 635 1879 sic
660 1850 748 1890 erat,
772 1847 891 1889 quales

77 1909 125 1918 ·--
148 1900 237 1927 sumt.
282 1891 544 1937 τραπεζῆες
581 1891 733 1932 κύνες.
773 1893 813 1926 ΙΙ.
844 1890 887 1936 χ’,

80 1939 137 1974 69.
147 1939 209 1996 nef.
230 1951 308 1974 ann.
330 1940 464 1974 ad315.
475 1941 602 1972 -Am
615 1942 654 1974 2:
661 1937 889 1996 ἀγλαίης

79 1982 120 2024 6’
145 1997 318 2026 ενεκεν.
341 1981 484 2029 κόσμου
508 1982 628 2029 γάριν,
654 1983 678 2030 η’
702 1987 887 2020 καλλωπι-

80 2032 188 2074 σμοῦ.
213 2032 428 2067 01:244.-
463 2032 749 2075 κομέουσιν,
784 2031 889 2076 κομί-

77 2078 182 2120 ζουσι
214 2079 267 2123 (v.
290 2078 361 2123 Ε),
384 2081 529 2122 fovent,
558 2085 693 2114 curant.
728 2080 816 2121 319,
848 2078 891 2122 ζ,

75 2126 147 2161 207
170 2128 237 2160 etc.

122 2194 320 2230 312-323.
343 2193 423 2230 καὶ
447 2196 564 2240 λίην,
588 2195 659 2228 imo
680 2190 889 2236 νει·ο,ἐοηε,

76 2241 247 2286 profecto.
280 2253 314 2275 v.
339 2241 387 2284 α’,
409 2242 467 2284 46,
497 2240 542 2286 γ’,
566 2243 647 2282 203,
680 2239 718 2284 ι’,
741 2241 822 2282 477,
846 2239 891 2283 ν’,

77 2287 159 2328 393,
187 2286 231 2329 o',
254 2289 333 2330 155,
354 2289 393 2322 11.
420 2287 466 2330 α’,
493 2290 564 2324 553
590 2294 672 2328 etc„
706 2287 829 2331 quibus
852 2299 891 2321 ο-
921 2319 924 2323 .

77 2334 209 2367 mnibus
239 2333 274 2367 in
299 2335 383 2368 locis
407 2335 598 2379 horumque
621 2333 786 2367 similibus
810 2344 889 2366 sero

77 2379 153 2413 vidi
176 2381 365 2414 cavendum
390 2392 483 2422 esse,
508 2393 552 2415 ne
575 2393 637 2414 και
662 2379 730 2413 alio
751 2381 892 2413 refera-

76 2436 154 2460 mus
154 2437 269 2481 quam
293 2426 337 2461 ad
352 2427 445 2473 λίην.
469 2428 578 2462 ordo:
601 2426 666 2461 καὶ
689 2428 772 2482 λίην
794 2424 892 2469 θηή-

61 2471 163 2507 «σαιό
187 2484 227 2507 κε
252 2471 370 2515 αἶψα,
404 2493 451 2499 -
474 2471 608 2518 ἀλκὴν,
642 2474 678 2508 εἰ
698 2472 800 2506 κύων
825 2472 889 2508 ὅδε

77 2517 217 2560 ἀνδρός
239 2532 278 2562 γε
312 2521 396 2561 τῆλε
419 2522 510 2556 θαν.
552 2520 616 2575 ειή
644 2517 794 2554 τοῖόσδε
819 2524 888 2553 etc.

76 2575 262 2621 perperam
294 2565 399 2600 libri:
439 2586 483 2592 —
512 2563 722 2606 θανόντος·
767 2566 802 2600 εἰ
829 2584 870 2590 -

76 2612 133 2646 vel
151 2610 350 2653 θανόντος.
393 2613 429 2648 εἰ
453 2633 519 2654 -,
545 2613 646 2658 quasi
669 2613 732 2646 hoc
756 2589 888 2645 tantuni

76 2657 230 2692 Eumaeo
255 2659 470 2700 affirmante,
502 2660 546 2693 de
570 2670 639 2703 quo
663 2669 761 2692 nemo
787 2658 888 2691 dubi-

76 2708 154 2738 tare
179 2709 328 2749 poterat,
356 2705 495 2749 Ulyssis
513 2717 630 2738 canem
655 2715 731 2738 esse
749 2706 888 2757 Argum..

76 2747 318 2794 -οἷνδρὸς
342 2750 429 2784 dixit
451 2749 528 2786 κατ’
545 2750 651 2796 ἐξοχὴ
655 2765 686 2792 ν,
708 2752 743 2784 h.
762 2762 792 2783 e.
820 2749 886 2784 viri

314 2840 529 2855 PPPPPP

77 2844 154 2900 Coj.
177 2846 278 2879 3584

73 2887 132 2934 ἄρ’
155 2889 236 2946 εἴμ’
266 2888 385 2948 ἀνηρ,
420 2891 479 2924 ubi
505 2902 540 2922 ν.
563 2902 641 2924 ann.
665 2909 710 2914 —
741 2890 793 2924 E:
825 2888 886 2924 ἐπὶ

71 2935 186 2979 κυνὸς
215 2935 289 2983 εφη
314 2936 445 2982 ἔργα,
477 2933 522 2973 οὗ
548 2935 726 2983 συνήθως
749 2934 885 2973 εἰπών·

937 1347 1077 1392 κυρίως
1107 1346 1178 1393 γαρ
1215 1345 1274 1383 ἐπὶ
1311 1345 1545 1401 ἆνθρωπων
1554 1341 1596 1384 τό
1631 1355 1749 1388 εργον,

938 1393 1086 1455 ὥσπερ
1093 1395 1156 1430 καὶ
1190 1392 1213 1439 ἡ
1249 1394 1394 1438 πρᾶξις.
1428 1413 1474 1418 -
1504 1388 1545 1426 τὰ
1580 1387 1622 1425 δὲ
1637 1403 1749 1444 ταχ.

935 1442 1022 1477 καὶ
1063 1438 1210 1497 ἀλκήν
1252 1440 1397 1496 ἀρετήν
1427 1435 1750 1498 προσμαρτύρεται

935 1490 988 1535 τςῖῖ
1002 1486 1146 1545 ’Ἀργᾳῃ
1187 1484 1233 1532 ἣν
1264 1486 1334 1523 οὐκ
1375 1483 1421 1522 ὂέν
1460 1486 1537 1529 ε’χοι
1569 1495 1751 1528 τραπε-

935 1537 978 1593 §fr
989 1549 1057 1576 νς,
1095 1532 1184 1570 υνδε
1218 1533 1293 1580 μὴν
1325 1547 1424 1574 απας
1454 1530 1604 1588 εὐγενης
1636 1529 1749 1573 κύων,

935 1596 987 1617 ων
1022 1583 1059 1616 οἱ
1085 1595 1152 1626 μεν
1181 1585 1300 1625 ταχεῖς
1322 1579 1461 1625 μόνον,
1497 1578 1532 1613 οἱ
1566 1576 1606 1613 δὲ
1630 1576 1750 1621 μόνον

936 1628 1095 1671 ἄλκιμοι,
1113 1626 1238 1670 ,αὐτὸς
1263 1628 1302 1664 δὲ
1320 1628 1382 1663 καὶ
1408 1626 1532 1669 ἄμφω,
1557 1626 1683 1669 τρίτον
1708 1622 1749 1659 δὲ

936 1675 1040 1734 αὐτῷ
1065 1689 1097 1711 κ.
1121 1674 1296 1719 τέταρτον
1329 1673 1562 1732 ἐμικόσμημα
1595 1672 1678 1716 ἴχνη
1711 1683 1750 1706 τε

936 1722 1100 1779 ἐρευνᾷν
1115 1722 1273 1764 εἰδέναι,
1297 1721 1358 1756 καὶ
1385 1721 1481 1760 εἶδος
1508 1718 1601 1762 ἔχειν
1625 1715 1749 1753 καλόν.

935 1789 981 1794 ——
999 1767 1044 1804 οὗ
1065 1765 1105 1805 δε
1127 1768 1242 1813 μόνον
1261 1769 1367 1807 κύνες
1391 1765 1591 1826 θηρατικοὶ
1617 1764 1749 1800 ἐσπου-

936 1815 1108 1858 δάζοντο,
1135 1829 1168 1850 κ.
1193 1814 1310 1856 ἄλλως
1334 1812 1374 1849 δὲ
1398 1815 1504 1849 οἴκου
1531 1811 1751 1856 δραστήριοι

937 1862 1120 1906 φύλακες,
1155 1858 1247 1896 ἄλλα
1271 1862 1333 1897 καὶ
1368 1861 1472 1899 οιόυς
1504 1856 1522 1895 ὁ
1547 1857 1624 1894 Ὀδ.
1648 1861 1753 1893 λαλεῖ

937 1910 1056 1953 (309).
1091 1908 1195 1950 παρὰ
1221 1908 1261 1943 δέ
1284 1921 1322 1953 γε
1348 1911 1428 1946 τοῖς
1450 1918 1617 1948 υστερον,
1653 1904 1748 1939 και-οὶ

922 1955 1002 1997 ,τόν
1025 1956 1095 1989 τοῦ
1118 1954 1316 1999 Ἀθηναίου
1340 1955 1470 1998 λό)ον,
1500 1953 1563 1988 καὶ
1588 1950 1750 1994 κυνάρια

933 2004 1104 2046 μελιταῖα
1128 2001 1166 2037 ἐν
1190 2000 1285 2046 λόγῳ
1309 2002 1515 2055 γεγόνασιν.
1554 1998 1591 2034 οἱ
1614 1997 1655 2043 δὲ
1678 1998 1750 2032 νῦν

934 2050 1148 2093 χαιρουσιν,
1191 2049 1293 2092 εἰπερ
1328 2053 1402 2083 εἱεν
1438 2044 1570 2087 αὐτοῖς
1597 2045 1748 2080 κυνίδια

935 2095 998 2131 καὶ
1031 2098 1201 2139 μναρίων
1231 2094 1449 2152 βραχύτερα.
1480 2113 1526 2118 ——
1558 2091 1748 2128 κνώδα-

935 2145 1020 2177 λον
1045 2140 1085 2179 δὲ
1107 2143 1176 2179 νῦν
1198 2141 1241 2176 τὸ
1266 2145 1452 2197 χερσαῖον,
1478 2139 1582 2182 παροὶ
1607 2137 1648 2175 τὸ
1671 2136 1747 2173 ὑπό

935 2189 1060 2224 κυνῶν
1083 2187 1313 2224 ἁλίσκεσθαι.
1355 2186 1415 2223 ότε
1441 2184 1481 2222 δε
1504 2186 1567 2222 καὶ
1591 2183 1651 2227 ἐπι
1673 2187 1749 2220 θα-

935 2237 1086 2271 λασσίου
1105 2238 1257 2279 θηρίου,
1280 2233 1511 2277 κνώσσοντος
1538 2232 1576 2268 ἐν
1593 2229 1668 2275 ἁλὶ,
1692 2230 1748 2267 λε’-

935 2295 1039 2328 γεται
1071 2279 1094 2327 ἡ
1117 2283 1211 2325 λέξις
1236 2288 1301 2316 etc.
1349 2282 1454 2314 Scha
1485 2279 1748 2314 κνώδαλον

936 2331 1074 2371 κυρίως
1104 2327 1171 2372 μὲν
1204 2327 1246 2364 τὸ
1278 2327 1486 2364 θαλάσσιον
1514 2326 1667 2382 θηρίον,
1702 2323 1746 2359 τὸ

936 2377 1067 2420 κῆτος,
1094 2376 1148 2420 (Γ)
1175 2377 1244 2410 νῦν
1277 2377 1318 2410 δὲ
1348 2375 1487 2419 θηρίον
1517 2370 1596 2407 ’ὑπό
1627 2384 1748 2406 κυνων

938 2421 1191 2467 ἁλισκόμενον.
1215 2422 1303 2466 Ap..-
1331 2422 1534 2456 κνώδαλον.
1562 2415 1582 2453 ὁ
1602 2416 1746 2459 Ἀπίων,

936 2472 1076 2514 θηρίον
1100 2467 1325 2509 θαλάσσιον,
1350 2465 1425 2503 ἀπὸ
1450 2466 1521 2500 τοῦ
1544 2464 1583 2500 ἐν
1607 2461 1669 2500 ἆλὶ
1691 2478 1746 2499 κι-

933 2519 1102 2558 νεῖσθαι,
1134 2516 1187 2560 (Ρ)
1211 2514 1508 2567 καταχρηστικῶς
1531 2510 1571 2547 δὲ
1601 2511 1748 2567 λέγουσι

934 2564 998 2601 καὶ
1029 2578 1075 2599 τα
1109 2561 1200 2597 ἄλλα
1223 2563 1341 2606 θηρία
1374 2558 1548 2595 κνώδαλα
1571 2561 1639 2592 etc.
1674 2556 1746 2602 γέ-

936 2623 1084 2651 ροντα
1107 2607 1358 2644 κνώδαλον
1393 2606 1482 2640 dixit.
1506 2604 1659 2649 scriptor
1684 2616 1746 2638 an-

935 2657 1051 2701 tiquus
1084 2655 1198 2699 hymni
1237 2655 1272 2689 in
1303 2652 1544 2694 Merc.188.,
1586 2651 1746 2696 quoniam

935 2702 1135 2737 somnolenti
1159 2712 1234 2735 esse
1258 2701 1369 2737 solent.
1396 2709 1507 2733 senes.
1533 2716 1575 2722 —
1607 2698 1680 2730 Aru.
1704 2696 1745 2730 B.

934 2748 1086 2782 emenda
1113 2749 1271 2783 δίοιτο
1298 2748 1395 2790 (898,
1419 2744 1460 2777 11.
1483 2740 1534 2787 μ’,
1559 2744 1628 2777 276
1646 2742 1745 2785 etc.)-

933 2794 1087 2837 διώξειε.
1120 2792 1328 2838 περιῄδη.
1363 2802 1540 2834 περισσως
1563 2787 1665 2848 ἤδη,
1667 2787 1745 2844 τὴν

934 2838 1051 2886 ἄγραν
1071 2839 1193 2876 αυτοῦ
1211 2835 1394 2884 δηλονότι.
1410 2859 1456 2864 ——
1475 2849 1563 2871 νυν
1587 2834 1624 2870 δ’
1654 2833 1745 2878 ἒχε-

932 2901 1014 2923 ται
1018 2886 1299 2944 κακότητι,
1331 2896 1421 2919 nunc
1455 2884 1493 2916 in
1515 2882 1657 2916 miseria
1683 2886 1743 2918 est,

932 2947 969 2971 v-
993 2932 1041 2977 α’,
1065 2937 1111 2972 95
1139 2939 1208 2975 etc.
1240 2952 1285 2958 —-
1319 2927 1544 2976 ἀκηδέες,
1574 2929 1743 2969 summes,
