1821 3288
94 93 178 134 400
482 80 808 134 ADDENDA
835 91 917 134 ET
944 90 1373 135 EMENDANDA.

90 203 261 259 &7106893
289 199 313 243 ἢ
339 198 531 246 οἷπόγονοι.
555 201 597 238 τὸ
621 201 690 246 μὲν
712 217 781 239 ουν
806 201 943 242 ἅποδες
965 202 1131 244 ψεῦδος·
1164 201 1287 247 ἔχουσι
1309 217 1380 248 γαρ
1402 202 1526 242 πόδας
1550 202 1590 238 αἱ
1614 203 1752 247 φῶκαι.

88 250 132 285 τὸ
158 249 199 284 ὁὲ
224 247 410 292 αηόγονοι
433 255 501 284 etc.
537 250 707 284 excidisse
736 251 898 283 videntur
923 250 1051 289 verba,
1077 249 1200 293 quibus
1227 250 1392 295 Sophista
1424 249 1593 295 probabat
1617 248 1660 285 τὸ
1684 263 1752 292 νη-

89 297 257 338 glandes.-
285 306 348 327 nec
368 305 451 328 sane
468 295 636 339 ineptiat‚
662 295 728 349 qui·
748 296 874 328 dictum
902 300 1003 340 putet
1025 276 1177 333 v'e'noffsg
1198 306 1260 346 per
1287 308 1465 342 apocopen
1484 307 1545 340 pro
1562 294 1752 335 νεόποδες,

88 354 110 375 a
131 342 224 382 νέω,
260 346 367 382 nato,
400 352 475 374 curu
512 342 611 375 metri
639 341 773 386 gratia,
808 341 900 385 quod
929 352 995 374 non
1027 341 1122 385 capit
1150 340 1348 383 νεόποδες,
1373 350 1444 376 tum
1473 348 1677 386 propterea,
1708 353 1752 375 ne

87 388 163 432 quis
193 387 364 431 cogitaret
391 386 498 427 νέος
522 399 629 420 nctus
632 387 779 421 malim
806 394 920 420 tamen
940 386 1102 426 νέποδας
1134 386 1279 430 inteliigi
1313 387 1537 428 κακόποδας.
1562 398 1596 422 v.
1620 387 1755 421 Aristo-

86 434 165 467 telis
192 433 213 466 l.
235 445 263 466 c.
294 453 340 458 —
386 434 465 470 413.
487 445 554 466 scr.
586 432 722 476 μήλων.
754 452 799 457 ——-
823 432 904 467 437.
925 443 1002 465 ann.
1009 433 1223 466 'detexerba
1252 445 1436 475 „seorsum
1460 456 1506 461 --
1530 432 1755 475 νεόδαρτα.
1765 463 1769 473 ,

86 501 133 506 -—
153 478 233 513 454.
264 475 406 522 ἡμεῖς
431 477 480 513 δὲ
509 478 752 521 ἰάχοντες.
773 479 904 512 malim:
930 476 991 533 ήμ.
1017 477 1055 512 δ’
1080 475 1128 513 αὖ
1153 479 1248 522 ἰάχ.
1273 490 1336 512 nec
1353 479 1481 513 hiatum
1502 479 1751 514 excusaverim.

87 525 182 559 haud
216 525 303 559 male
339 526 604 559 Bornhauserl.
635 536 664 557 c.
696 525 843 558 inferius
875 525 918 558 ad
944 522 985 564 λ’,
1008 526 1064 559 36.
1077 550 1087 566 ,
1118 536 1198 569 pag.
1221 526 1297 558 722
1330 543 1375 549 —
1422 526 1660 568 65.„A1¹ein
1689 525 1753 559 der

85 571 211 611 Riese,
238 572 303 604 auf
326 572 493 605 welchem
514 581 552 603 er
574 569 686 612 kniet‚
710 570 929 615 Urpl6tzlich
961 570 1051 604 wird
1083 582 1122 603 er
1145 581 1219 604 zum
1238 570 1423 611 Drachen;
1444 571 1512 604 Ein
1528 572 1635 616 gistig
1652 572 1751 615 qual-

89 617 228 651 mendes
252 618 365 650 Feuer
402 617 523 660 spruht
550 619 623 649 Aus
649 616 987 650 zahnumschirmtem
1014 616 1167 650 Rachen.
1217 617 1289 649 Der
1315 617 1433 650 Ritter
1455 623 1565 651 stutzt
1589 636 1633 642 —
1664 616 1753 650 doch

87 664 177 697 wird
203 664 271 696 ihm
296 664 391 696 nicht
407 661 518 705 bang'
550 683 595 688 —
631 662 681 696 Er
712 662 915 707 umschlingt
944 662 1005 696 mit
1035 663 1210 705 nervigem
1238 663 1341 696 Arme
1369 662 1425 695 die
1452 662 1643 707 Schlang’,
1669 663 1753 696 Und

87 709 160 743 will
179 709 290 742 durch
325 709 473 752 heftiges
492 708 653 741 Drucken
679 709 748 742 Das
777 708 959 741 zischende
978 708 1144 741 Scheusal
1167 708 1351 742 ersticken.
1399 709 1456 742 67.
1483 708 1754 742 Schwerstfihnt

88 756 151 789 der
172 755 330 794 macha,
356 755 416 787 des
433 753 562 787 Odems
583 755 752 795 beraubt,
779 754 952 788 Auslischt
970 754 1031 787 das
1058 754 1183 798 giftige
1201 753 1337 795 Feuer;
1361 754 1473 788 Allein
1499 754 1566 787 wie
1584 755 1646 787 der
1665 753 1755 788 Held

85 802 145 835 ihn
168 801 353 834 erdrosselt
372 800 510 844 glaubt,
534 801 581 833 So
603 800 693 834 wird
722 811 760 833 er
784 812 860 833 zum
882 801 1146 845 Lammergeier.
1193 799 1266 833 Der
1286 800 1386 844 fliegt
1411 802 1444 833 in
1464 800 1590 834 stolzer
1613 800 1753 844 siegen-

88 849 151 880 der
173 847 250 879 Ruh
276 847 374 879 Hoch
407 847 491 879 fiber
516 845 568 879 die
596 846 692 879 Erde
712 847 778 879 den
798 846 947 879 VVolken
979 858 1042 887 zu;
1070 865 1115 871 ——-
1150 845 1240 878 Dort
1270 845 1341 878 will
1372 857 1410 880 er
1435 846 1544 880 durch
1564 845 1754 889 machtiges

86 893 229 927 Rfitteln
258 892 335 926 Den
366 891 529 936 Jfingling
563 903 641 924 vom
667 892 814 925 Nacken
840 892 914 926 sich
944 892 1128 928 schotteln.
1177 892 1234 926 68.
1259 892 1369 925 Allein
1402 892 1463 925 der
1499 893 1608 925 kecke
1632 891 1754 925 Reiter

85 939 171 972 lassi:
189 939 274 971 Sich
303 939 396 972 nicht
416 949 490 971 zum
523 937 685 981 Abgrund
715 939 862 982 sende'n3
890 938 941 971 Er
961 938 1118 972 schliesst
1137 938 1193 972 die
1211 938 1323 979 Knie,
1348 937 1420 970 hzilt
1441 938 1623 972 starkeru.
1638 943 1755 982 pressu

86 986 163 1020 Den
185 985 295 1028 Vogel
322 984 382 1018 mit
411 984 622 1026 ufirgenden
657 984 815 1018 Handen.
870 984 955 1017 Dem
981 984 1070 1017 wird
1105 996 1142 1017 es
1174 984 1308 1017 endlich
1335 984 1509 1028 allmahlig
1533 996 1647 1028 genug
1699 984 1754 1018 Et

88 1031 266 1072 schwebt,
288 1030 355 1064 wie
381 1030 439 1064 die
463 1029 600 1071 Krahe,
625 1030 687 1063 mit
706 1030 892 1074 niedrigern
911 1031 1001 1074 Flug
1020 1049 1064 1054 —
1084 1031 1167 1064 Und
1183 1030 1277 1064 sinkt
1304 1012 1508 1074 erscliiipft.e
1504 1041 1565 1063 aus
1583 1031 1651 1064 den
1668 1030 1752 1063 Luf-

88 1080 182 1110 ten“
211 1082 280 1110 etc.
304 1095 351 1101 -—
397 1076 477 1110 459.
504 1073 870 1120 ammonet-,firma
896 1087 929 1109 v.
955 1076 995 1109 Il.
1022 1073 1062 1119 γ’,
1092 1078 1172 1111 219.
1205 1095 1245 1100 -
1293 1076 1371 1111 495.
1412 1078 1575 1119 τῶνγε.
1596 1077 1754 1110 Graecos

90 1127 267 1157 eteorum
293 1123 398 1156 duces
428 1122 618 1165 generatim
645 1123 748 1163 dicit,
773 1134 835 1155 nec
859 1124 964 1155 solum
990 1121 1088 1164 illos,
1113 1123 1172 1167 qui
1202 1121 1398 1156 redierunt:
1428 1122 1558 1166 alioqui
1581 1122 1643 1157 illa
1681 1120 1755 1165 μά-

87 1182 155 1215 χῃς
183 1169 224 1204 δέ
247 1181 286 1204 τε
310 1169 373 1202 καὶ
396 1180 440 1202 συ
467 1169 649 1221 παρῆσθα
673 1179 738 1200 non
761 1169 967 1211 interposui
954 1172 1024 1200 <set
1057 1168 1135 1202 497.
1171 1188 1219 1194 -—-
1263 1169 1343 1203 503.
1371 1179 1449 1202 ann.
1477 1179 1562 1203 scr.:
1587 1185 1634 1193 -υ
1656 1180 1756 1210 ,,με·

85 1216 270 1260 γαλίσθη,
295 1215 330 1248 h.
358 1227 389 1247 e.
415 1210 553 1268 μεγάλα
576 1212 755 1257 ηῧδησεν,
778 1219 817 1246 ut
840 1213 939 1246 aitin
968 1214 1140 1257 proximis.
1159 1214 1209 1246 ita
1235 1215 1459 1248 κυδαίνεινι
1487 1220 1555 1247 etc.
1569 1232 1615 1239 —-
1638 1215 1754 1249 563——

87 1264 147 1298 68.
181 1271 304 1294 versus
333 1260 551 1300 suavissimi,
575 1260 732 1304 qualibus
761 1259 929 1292 celebrari
964 1259 1080 1293 decuit
1108 1260 1213 1293 vitam
1231 1265 1346 1313 'atque
1375 1260 1517 1293 insulam
1542 1259 1755 1293 Fortunato-

88 1319 175 1342 rum.
199 1326 245 1331 —
291 1307 371 1341 630.
399 1306 464 1340 del.
498 1305 633 1349 virgula
658 1312 737 1349 post
769 1304 899 1340 ἐλθών.
924 1323 970 1329 ——-
999 1305 1077 1340 665.
1107 1317 1173 1340 scr.
1198 1303 1332 1345 αὕτως.
1358 1324 1401 1330 —
1447 1306 1527 1339 704.
1553 1316 1620 1339 non
1643 1306 1755 1340 inter-

86 1353 197 1397 cedo,
221 1353 398 1397 quominus
424 1351 596 1396 ἀμφασίη
620 1352 833 1396 intelligatur
863 1351 1028 1396 ἀφασιή,
1055 1352 1120 1385 etsi
1144 1363 1211 1385 non
1243 1363 1328 1406 opus
1355 1354 1432 1385 erat
1455 1363 1481 1394 μ
1504 1352 1654 1393 inserto,
1678 1363 1755 1387 cum

86 1401 140 1434 sic
172 1410 292 1433 versus
328 1402 398 1432 stet
418 1405 514 1432 recto
560 1399 772 1453 talo.(51uare
797 1397 883 1439 fuit,
920 1410 992 1430 cum
1023 1399 1248 1441 cogitaremus
1276 1396 1514 1442 ἀναφασίην,
1549 1395 1756 1442 οινφασίην,

87 1444 296 1499 ἀμφασξην.
321 1455 355 1478 v,
396 1446 438 1479 de
466 1440 513 1479 ἂν
538 1445 612 1478 sive
638 1441 710 1478 ἀνοὶ
735 1444 932 1499 στερητικῷ
956 1427 1087 1508 Βιιῐῐιιιῖ
1110 1445 1220 1477 Lcril.
1249 1446 1279 1477 1.
1300 1456 1332 1501 p.
1356 1445 1436 1479 274.
1467 1463 1505 1469 -
1529 1446 1607 1479 716.
1625 1443 1754 1501 ἔτλη,

86 1493 273 1532 sustinuit,
298 1490 418 1524 valuit.
444 1509 492 1516 --
537 1491 617 1524 736
652 1502 728 1523 ann
748 1481 1157 1533 scr.·‚,a,11'‚228.‘—
1204 1491 1283 1524 750.
1308 1489 1754 1536 ἑλοῦσα,ὲλομὲνη.·-

87 1540 168 1574 761.
194 1549 271 1571 ann.
297 1547 383 1570 scr.:
411 1562 434 1578 „
446 1537 485 1570 11.
503 1537 562 1593 ‚ss'’
595 1535 693 1570 410.‘
731 1555 778 1561 —
801 1514 883 1571 805.
905 1525 1018 1571 ου’ὄὲ
1044 1535 1171 1572 ἐῶσι.
1197 1535 1311 1569 hiatus
1338 1536 1548 1570 insolentior.
1583 1538 1667 1582 quid
1689 1537 1754 1571 du-

87 1584 236 1620 bitemus
262 1595 388 1628 ponere
421 1580 512 1618 οὐδ’
536 1583 670 1617 εἰῶσιί)

184 1632 237 1671 Ε,
260 1632 294 1664 3.
329 1628 439 1662 malim
468 1627 652 1664 θωκόνδε,
673 1639 707 1661 v.
734 1639 810 1661 ann.
844 1627 885 1661 ad
915 1627 954 1662 11.
978 1624 1027 1669 π’,
1053 1627 1133 1662 693.
1168 1644 1215 1650 -·
1260 1628 1318 1661 29.
1349 1631 1507 1662 neutrum
1537 1627 1657 1675 horum
1685 1629 1754 1672 jam

87 1676 224 1733 placet,
249 1675 312 1708 sed
339 1675 388 1707 ita
419 1675 635 1709 scribendum
661 1685 735 1708 esse
767 1673 934 1707 arbitror.
968 1672 1012 1707 σὺ
1037 1671 1108 1717 γάρ
1144 1669 1236 1706 αυτό
1261 1672 1308 1706 τά
1332 1671 1363 1706 τ’
1390 1672 1481 1707 ἄλλα
1505 1686 1573 1717 περ
1599 1672 1635 1707 ἄ.
1662 1673 1754 1717 ἐσσι,

88 1721 318 1765 αὐτὸ,1ιοο,
350 1721 478 1754 hucin
513 1734 562 1755 re.
588 1740 633 1745 —
678 1721 735 1755 35.
759 1732 838 1755 ann.
867 1732 935 1754 scr.
982 1744 1005 1762 ‚‚
1018 1738 1059 1743 —
1085 1718 1276 1763 ἀγχίθεοι,
1302 1719 1369 1752 diis
1384 1720 1568 1762 vicini(cf.
1589 1718 1753 1765 η’,205),

87 1769 122 1804 h.
151 1782 182 1803 e.
209 1767 373 1802 similes‘⁵
400 1772 466 1801 etc.
495 1787 537 1791 -
587 1768 642 1801 66.
668 1768 753 1809 Ap..
787 1746 1134 1810 τανύγλωσσοι.
1156 1765 1214 1800 ἐπι
1241 1764 1307 1808 μὲν
1343 1765 1418 1799 τῶν
1442 1766 1618 1809 κορωνῶν
1642 1771 1756 1811 φησί·

89 1829 192 1851 ταν.
229 1826 277 1848 τε
308 1825 403 1855 κορ.
437 1812 534 1848 και-οὶ
567 1813 635 1869 μέν
658 1826 717 1847 τοι
741 1811 784 1847 τὸ
812 1813 896 1856 (scr.
933 1812 1000 1856 μέν
1022 1826 1058 1847 τι
1082 1813 1171 1855 τῶν)
1199 1810 1522 1868 προφαινόμενον,
1555 1813 1758 1856 τεταμένας

89 1863 142 1903 εἰς
165 1861 325 1905 μέγεθος
350 1859 500 1902 ἔχουσαι
533 1860 637 1902 frig,
638 1858 798 1898 λοέσσας.
825 1857 844 1893 ὁ
883 1857 923 1893 a}
943 1858 1092 1901 Ἀπίων,
1125 1859 1324 1904 τεταμένην
1350 1858 1498 1902 ἔχουσαι
1519 1858 1588 1903 τήν
1613 1859 1757 1904 φωνήν

89 1909 196 1952 (haud
217 1907 322 1949 male,
355 1907 521 1949 siquidem
547 1906 765 1939 fortissimam
794 1916 910 1939 vocem
943 1906 1069 1939 habent
1101 1906 1277 1946 cornices,
1311 1905 1424 1939 avium
1450 1916 1557 1949 genus
1584 1905 1757 1950 loquacis-

87 1955 231 1994 simum,
269 1953 313 1985 de
350 1954 474 1996 quibus
516 1953 601 1986 Plin.
627 1953 672 1985 H.
703 1953 748 1986 N.
772 1954 838 1994 10,
873 1953 1052 1986 stanles
1085 1957 1135 1985 est
1166 1952 1409 2008 inauspicatae
1437 1952 1684 2005 garrulitatis,
1717 1956 1758 1988 ue

89 2001 242 2035 Clericus
270 1998 450 2032 annotavit
477 1998 520 2031 ad
549 1998 688 2031 Hesiod.
715 1998 783 2043 Op.
815 2003 850 2030 et
876 1997 918 2031 D.
939 1997 1034 2042 747.)
1069 1995 1088 2033 6
1113 1996 1153 2033 δὲ
1174 1995 1399 2041 Ἡλιόδωρος
1427 1996 1470 2032 τὸ
1493 1996 1685 2042 πρότερον.
1708 2017 1758 2025 -

90 2049 170 2082 102.
201 2057 278 2079 ann.
303 2055 369 2078 scr.
383 2044 495 2086 :.„11
517 2043 562 2087 β’,
589 2047 668 2079 306.
683 2045 708 2062 “
738 2062 784 2069 —
832 2043 909 2079 105.
934 2045 1062 2077 suadeo
1079 2056 1244 2088 ponamus
1263 2044 1530 2086 ὀϊζυρέστατον.
1555 2056 1589 2076 v.
1614 2056 1693 2078 ann.
1710 2044 1758 2079 ad

89 2092 139 2139 β’,
164 2095 252 2133 190,
275 2092 355 2125 350.
384 2108 429 2116 -·
476 2091 553 2125 135.
578 2088 659 2134 ἠδὲ
685 2089 911 2134 ἔφασκον.
936 2090 1162 2124 intolerabilis
1191 2091 1316 2126 hiatus
1342 2101 1409 2124 scr.
1426 2087 1569 2132 .η’ὁέε
1594 2089 1756 2134 φάσκον.

91 2141 136 2173 cf.
162 2140 231 2174 353
249 2144 315 2171 etc.
342 2155 388 2161 —-
436 2138 513 2171 154.
535 2148 614 2170 ann.
638 2137 715 2170 dele
746 2136 854 2169 verba
880 2136 952 2180 ‚‚11.
971 2134 1012 2177 τ’,
1047 2138 1145 2172 171.
1136 2138 1160 2155 “
1186 2155 1226 2162 -
1276 2138 1354 2172 190.
1390 2133 1506 2171 ουδὲ
1527 2148 1612 2180 μοι
1636 2135 1758 2195 αυτῇ

90 2188 192 2229 θυμ
205 2181 254 2224 ὸς
285 2182 356 2217 ἐνὶ
389 2180 631 2239 στήθεσσι
664 2181 902 2227 σιδήρεος
939 2180 1034 2228 αὐτῇ
1066 2194 1132 2217 ιιοιι
1162 2182 1270 2226 magis
1299 2189 1412 2228 aptum
1439 2187 1492 2216 est
1523 2194 1624 2227 quam
1652 2182 1757 2231 αὐτῷ

91 2234 158 2268 179
179 2235 215 2265 et
246 2230 323 2265 187.
352 2239 514 2273 ponamus
549 2224 678 2270 αὖτις,
711 2229 744 2262 h.
775 2240 806 2262 e.
839 2219 1020 2273 Apolloni6
1050 2229 1242 2273 interprete
1271 2229 1364 2273 μετὰ
1387 2230 1528 2269 ταῦτα,
1550 2235 1631 2272 post
1655 2219 1765 2274 haec,

88 2283 168 2324 post
190 2275 383 2315 beneficia,
417 2286 505 2319 quae
528 2275 562 2309 in
584 2280 618 2309 te
647 2274 796 2314 contuli,
833 2280 868 2308 et
896 2286 1043 2308 amorem
1072 2280 1234 2308 nostrum.
1268 2277 1313 2309 cf.
1340 2287 1417 2310 ann.
1436 2274 1579 2308 inferius
1606 2275 1649 2309 ad
1672 2277 1759 2312 205.

89 2325 187 2367 den
217 2330 253 2356 et
278 2335 312 2359 ις
349 2322 499 2354 confusis
535 2333 567 2357 v
596 2319 638 2366 γ’,
663 2321 732 2355 852
761 2326 827 2353 etc.
859 2338 905 2346 --
950 2322 1031 2355 282.
1067 2321 1224 2354 similiter
1266 2323 1368 2355 etiam
1401 2334 1430 2355 ω
1457 2325 1554 2354 tonat
1580 2321 1616 2355 in
1639 2322 1758 2356 verbis
1819 2337 1821 2347 ι

117 2369 252 2404 roximis
276 2365 462 2408 Σολύμων
486 2365 621 2409 ὀρέων,
645 2366 863 2407 ἐπιπλώων,
889 2365 1073 2410 ἐχώσατο,
1097 2378 1164 2411 quo
1184 2367 1291 2400 minus
1319 2367 1476 2407 dubites,
1502 2367 1582 2412 quin
1609 2369 1696 2402 haec
1711 2368 1757 2402 de

86 2415 258 2452 andustria
275 2411 482 2456 ἰῐοξξάἰιιειὶε
508 2414 606 2447 Hom.
632 2433 677 2439 —-
722 2415 803 2448 287.
828 2413 870 2446 de
900 2414 1124 2458 Aethiopibus
1146 2425 1178 2446 v.
1207 2425 1284 2446 ann.
1306 2414 1350 2447 ad
1374 2414 1414 2448 ll.
1433 2410 1478 2454 α’,
1499 2415 1580 2448 423.
1600 2433 1647 2438 —
1670 2415 1754 2450 306.

90 2473 160 2497 scr.
188 2460 321 2494 divise:
345 2459 422 2501 τρὶς
445 2459 606 2503 μάκαρες
631 2464 676 2494 Δ.
693 2472 754 2494 και
773 2457 949 2500 τετράκις.
965 2477 1007 2483 -
1032 2461 1111 2495 328.
1129 2470 1194 2493 scr.
1209 2459 1361 2504 βορέης,
1385 2457 1517 2513 νότος,
1542 2456 1650 2504 εὖρος
1662 2467 1754 2494 etc.-

87 2519 198 2563 neque
223 2507 310 2540 enirn
330 2506 393 2539 hae
421 2512 503 2539 sunt
526 2517 704 2551 personae.
729 2525 774 2530 —
819 2506 900 2540 534.
928 2505 1108 2539 dicendum
1135 2506 1270 2573 potius,
1297 2504 1506 2550 αὐδήεντας
1527 2506 1653 2551 opponi
1674 2507 1756 2540 bru-

87 2554 136 2588 tis
172 2553 395 2592 animalibus,
433 2563 524 2595 quae
556 2563 624 2586 non
656 2553 851 2596 loquuntur.
891 2571 938 2577 —
984 2553 1063 2587 335.
1094 2563 1159 2585 scr.
1172 2555 1315 2587 ,θεῶν
1347 2551 1384 2594 ἐξ
1411 2552 1545 2595 ἔμμορε
1568 2552 1686 2596 τιμῆς.
1708 2569 1758 2578 -·

88 2601 169 2636 366.
200 2610 266 2633 scr.
300 2609 394 2642 ωρσε
418 2597 458 2632 6’
483 2597 554 2632 ἔπι.
588 2618 635 2622 —-
681 2599 761 2632 440.
795 2598 1062 2632 additamentum
1093 2598 1208 2632 nescio
1234 2599 1329 2642 cujus
1352 2599 1480 2643 inepti,
1513 2598 1572 2643 qui
1598 2598 1757 2643 require-

91 2652 147 2680 ret
175 2644 329 2690 aliquid,
365 2655 434 2689 quo
471 2646 666 2678 referretur
697 2643 874 2689 ἐφεύροι,
910 2656 984 2678 cum
1024 2645 1091 2678 huc
1121 2645 1293 2689 pertineat
1320 2648 1433 2691 γαῖαν
1457 2658 1477 2679 e
1503 2645 1753 2690 superioribus.

88 2692 279 2727 sublectum
313 2692 393 2726 418.

190 2740 238 2777 Ζ,
261 2737 318 2771 58.
346 2737 427 2770 ἵνα
450 2733 602 2771 κλυτοὶ
628 2733 783 2779 ει”ματ
814 2733 1014 2779 ἄγωμαι.
1037 2735 1228 2780 interpres.
1253 2742 1293 2771 ut
1320 2738 1483 2782 pulchras
1506 2737 1754 2778 vcstesferam.

87 2784 260 2840 intelligas
279 2783 498 2837 praedicatas
525 2784 570 2817 ob
602 2788 816 2816 venustatem
845 2783 948 2825 (74);
971 2781 1031 2816 sed
1056 2782 1121 2815 suit
1138 2793 1212 2815 cum
1215 2785 1447 2838 suspicarer,
1470 2781 1660 2826 ponendum
1679 2792 1757 2815 esse

87 2827 136 2865 ἵν’
159 2828 304 2864 ἄπλυτοι
329 2841 356 2863 ε.
383 2826 421 2862 α’.
445 2840 508 2861 nec
526 2828 726 2874 displiceret
743 2827 897 2870 κλυτὰν,
924 2827 1057 2863 κλυτὸν
1080 2828 1269 2873 ποταμὸν,
1295 2832 1328 2863 h.
1343 2842 1374 2864 e.
1397 2829 1611 2867 κελάδοντα,
1617 2838 1754 2881 quem-

91 2876 270 2910 admodum
298 2874 432 2910 κλυτὸν
463 2875 613 2918 λιμένα,
647 2874 763 2908 κλυτὰ
787 2888 837 2919 ιιη
823 2875 886 2909 λα
911 2878 946 2908 et
972 2874 1094 2908 similia
1119 2874 1205 2908 dixit
1228 2874 1263 2917 ι’,
1297 2878 1387 2916 308,
1408 2875 1452 2916 κ’,
1489 2875 1555 2914 87,
1590 2871 1638 2916 μ’,
1674 2874 1755 2914 228,

90 2921 133 2956 ΙΙ.
168 2920 212 2962 ξ’,
235 2923 300 2957 361
333 2926 400 2954 etc.
434 2920 476 2956 de
506 2934 528 2956 κ
553 2927 589 2955 et
619 2932 646 2954 π
672 2889 899 2955 cons11sis⁷7ad
928 2920 966 2955 ΙΙ.
1025 2921 1144 2962 ,406,
1175 2921 1218 2954 de
1247 2935 1271 2956 α
1308 2927 1344 2955 et.
1377 2934 1420 2956 ον
1449 2921 1484 2955 in
1518 2919 1755 2964 superioribus

89 2968 137 3004 ad
171 2965 301 3012 11.ψ’,
340 2967 422 3005 233.
457 2985 501 2993 --
549 2969 605 3006 88
638 2978 704 3003 non
737 2966 891 3003 adducor
930 2971 969 3002 ut
1000 2967 1160 3010 credam,
1207 2967 1347 3003 duorum
1387 2977 1540 3004 versuum
1570 2965 1755 3001 intervallo
