1821 3288
411 115 722 168 ADDENDA
763 115 847 157 ET
885 114 1316 159 EMENDANDA.
1604 119 1689 160 887

29 242 104 266 cum
129 228 341 271 vulneravit,
366 239 440 264 cum
465 227 626 273 Ajacibus
649 229 746 263 velut
768 224 936 273 primitias
959 227 1144 272 seponeret
1167 225 1265 259 istius
1287 236 1436 280 pugnae.
1463 225 1497 260 id
1523 226 1690 261 Graeculi

30 278 79 311 ita
102 278 276 322 accepisse
301 255 478 315 videntur,
503 276 599 319 quasi
623 276 760 308 Teucer
783 286 852 308 una
875 273 982 306 fuerit
1005 284 1079 306 cum
1104 272 1224 312 fratre,
1239 273 1297 316 qui
1323 273 1379 305 div
1374 284 1458 306 erso
1479 274 1552 307 loco
1578 273 1689 314 stetit,

29 324 204 368 magisque
227 333 377 356 errorem
402 332 476 354 eum
502 321 695 354 confirmari
719 319 990 354 existimaverint
1013 329 1117 352 versu
1141 319 1220 351 400.
1233 342 1242 359 ‚
1282 329 1347 361 quo
1371 320 1498 352 fratres
1520 318 1568 352 illi
1593 298 1689 353 simul

29 370 162 402 seriisse
189 368 348 401 dicuntur
371 366 627 411 Sarpedonem,
663 377 736 400 cum
761 377 804 399 ex
828 378 868 400 eo
893 365 949 398 vel
974 364 1114 397 maxime
1136 363 1373 407 intelligatur,
1406 376 1470 397 non
1494 366 1690 399 constitisse

29 416 125 454 illos,
151 424 292 457 quorum
317 412 406 446 alter
429 412 578 454 eminus,
613 413 703 446 alter
729 411 878 444 cominus
901 411 1047 444 ferierit.
1088 410 1246 453 profecto
1270 409 1413 452 insignis
1442 410 1486 443 ad
1519 410 1690 455 deprava-

29 462 153 493 tionem
176 458 269 492 locus
295 462 331 491 et
356 464 475 492 notatu
501 459 624 501 dignus
649 461 703 490 est
727 458 783 490 hic
808 463 928 500 stupor
952 455 1257 511 Grammaticorum
1282 455 1518 489 recentiorum.
1544 458 1587 490 cf.
1611 469 1690 493 ann.

29 507 73 539 ad
97 506 177 540 372.
191 505 325 539 -372
350 507 454 544 τοῖς
479 503 519 538 δ’
544 502 640 546 ἅμα
667 504 895 538 Πανδίων
925 499 1150 545 Τευκρου
1178 499 1290 545 φέρε
1315 499 1544 544 κάμπυλα
1568 502 1689 546 τόξα.

29 551 167 584 'leur-er
192 553 230 584 ut
265 561 379 583 arcum
403 562 498 583 suum
523 550 583 583 alii
614 549 816 592 gestandum
840 550 900 582 det
923 549 957 581 in
982 552 1080 582 tanta
1114 544 1242 582 turba?
1284 546 1378 580 fictio
1403 547 1539 591 inepta,
1569 561 1690 602 eoque

28 597 200 641 ineptior,
240 596 331 639 quod
357 596 391 629 id
416 607 579 639 nusquam
617 595 694 629 fieri
731 596 884 629 videmus
923 594 1014 638 apud
1053 595 1143 627 hunc
1167 598 1339 628 nostrum:
1379 603 1490 647 neque
1524 594 1610 628 enim
1635 596 1690 630 vel

31 643 169 676 Teucer
194 641 296 680 alias,
322 642 376 675 vel
404 642 606 682 Pandarus,
630 642 685 675 vel
710 641 846 675 deorum
872 641 993 684 Apollo
1017 646 1077 673 aut
1100 639 1232 680 Diana,
1256 640 1405 681 habent,
1429 638 1489 684 qui
1513 645 1690 685 praestent

28 688 95 721 illis
117 688 152 721 id
177 688 295 722 officii.
316 706 362 712 —-
389 689 468 722 386.
493 699 560 721 scr.
583 685 746 722 uoinnm’
749 713 757 721 .
783 707 824 712 —-
848 687 928 721 403.
953 685 1130 730 νηυσὶν
1157 685 1229 721 ἔπι
1253 685 1509 731 πρύμνῃσι.
1537 687 1585 719 ita
1611 686 1689 720 libri

28 739 65 767 et
87 733 163 775 hic,
201 740 237 766 et
260 730 303 774 ν’,
329 735 420 776 333,
459 738 494 766 et
519 733 626 775 alias,
665 734 786 779 quibus
810 744 872 766 nos
897 743 1045 790 quoque
1068 732 1393 776 obtemperavimus;
1435 743 1550 769 verum
1582 733 1691 767 satius

29 780 116 813 duco
144 779 250 813 scribi
274 792 307 814 v.
334 779 360 814 ἔ.
385 781 595 833 πρυμνῇσι,
619 783 653 813 et
676 780 833 812 similiter
855 779 1005 823 πρυμνῇ
1028 776 1083 813 ἐνὶ
1104 778 1169 821 νηὶ·
1192 779 1319 823 Odyss.
1337 777 1385 820 μ’,
1402 775 1503 820 411„
1527 779 1691 823 quemad-

28 826 162 859 modum
185 825 355 868 πρυμνά,
381 837 446 859 ιιοιι
471 825 642 869 πρύμνα,
669 825 848 865 dicuntur,
874 835 962 869 quae
985 830 1065 857 sunt
1088 830 1250 859 extrema.
1290 834 1352 858 usu
1377 830 1490 857 tamen
1513 830 1690 869 receptum

29 877 103 912 est,
128 872 162 905 ni
186 873 305 911 fallor,
329 878 369 904 ut
393 884 540 917 puppem
565 883 629 917 per
651 883 688 904 se
712 871 868 904 dicerent
890 870 1062 913 πρύμναν
1086 869 1140 902 vel
1165 870 1304 914 antique
1327 869 1526 915 πρύμνην,
1545 881 1618 926 quo
1645 873 1689 905 ab

31 918 205 961 adjectivo
227 918 492 952 disceineretur.
517 937 562 942 -
586 917 664 951 459.
689 917 799 951 πέσε
823 914 872 950 δὲ
904 917 1055 955 λίθος
1085 916 1210 950 εἴσω.
1235 917 1407 950 molestum
1433 923 1486 950 est
1518 914 1560 951 δὲ
1584 918 1690 951 toties

28 965 220 1008 repetitum.
246 963 355 997 malim
379 975 482 997 sane.
506 985 553 990 —
575 963 750 1016 θαιρούς.
774 961 859 996 πέσε
885 961 931 1004 δὴ
957 962 1028 1006 (vel
1053 960 1089 996 δ’
1117 957 1190 1005 αὖ,
1215 967 1254 995 ut
1277 973 1363 995 unus
1388 962 1542 995 codicum
1559 962 1691 996 Vindo-

32 1009 245 1052 bonensium)
270 1011 378 1047 λίθος
403 1015 468 1042 etc.
480 1035 489 1050 ‚
528 1020 596 1052 quo
620 1014 657 1041 et
680 1010 756 1052 ipsa
779 1008 950 1042 sententia
984 1007 1149 1051 erigitur3
1188 1018 1232 1040 ne
1256 1006 1362 1040 dicam
1391 1014 1558 1050 metrum,
1597 1008 1690 1052 quod

29 1055 178 1088 nonnihil
202 1055 354 1093 laborat,
378 1054 555 1087 tribracho
578 1054 716 1087 invecto
742 1065 803 1097 pro
829 1053 965 1098 dactylo
989 1059 1140 1087 extremo
1167 1064 1299 1093 versus,
1324 1053 1384 1096 qui
1407 1054 1568 1087 minorem
1586 1053 1690 1089 habet

29 1100 210 1134 licentiam.
236 1099 276 1134 δὲ
302 1105 337 1132 et
361 1098 407 1144 δὴ
433 1101 487 1133 vel
513 1096 552 1134 6'
579 1102 626 1134 αὖ
653 1100 835 1134 identidem
861 1100 1001 1133 confusa
1025 1106 1106 1133 sunt
1127 1099 1163 1132 in
1187 1098 1295 1155 libris.
1322 1100 1366 1132 cf.
1392 1098 1435 1140 ν’,
1460 1101 1538 1136 366.

121 1148 172 1187 N,
195 1147 250 1180 25.
274 1145 428 1189 γέντο.
464 1145 681 1201 Apollonius:
714 1146 831 1190 γέντο.
867 1144 1015 1191 ἔλαβεν·
1049 1159 1093 1190 γε
1079 1147 1185 1181 ἕντο
1211 1142 1250 1179 6'
1278 1144 1507 1189 ἱμάσλην.
1541 1145 1690 1182 τίθεται

29 1189 71 1226 δὲ
94 1190 117 1235 ἢ
143 1192 234 1235 λεξις
255 1191 350 1226 κατὰ
374 1191 561 1237 συγκοπὴν
587 1189 672 1227 ἀντὶ
697 1193 763 1226 τοῦ
799 1191 952 1237 ἐγένετο.
981 1199 1153 1237 postrema
1186 1192 1304 1225 horum
1329 1192 1503 1236 pertinere
1527 1193 1690 1227 videntur

29 1239 73 1273 ad
99 1238 220 1295 {remp
245 1250 300 1282 ap.
326 1238 510 1272 Pindarum
535 1244 570 1270 et
593 1239 826 1272 Ί1ιεοοιίωιιι.
851 1251 883 1272 v.
908 1239 1034 1273 matth.
1058 1241 1090 1280 §-
1109 1240 1188 1273 227.
1211 1256 1258 1264 —
1281 1238 1336 1271 62.
1362 1238 1412 1271 sic
1436 1237 1688 1283 interpungito:

29 1283 143 1326 αὐτὸς
167 1283 205 1319 δ’
209 1308 219 1327 ,
243 1282 327 1319 ὥστ’
350 1293 433 1325 etc„
454 1296 496 1318 ne
521 1284 659 1317 avolare
683 1285 843 1318 videatur
867 1285 1061 1328 Neptunus,
1085 1305 1131 1310 —
1155 1285 1210 1319 82.
1232 1283 1385 1329 χάρμῃ
1408 1285 1690 1328 γηθόσυνοι,

29 1329 118 1376 τήν
154 1343 271 1375 σφιν
310 1329 430 1370 θεὸς
469 1330 648 1375 ἔμβαλε
683 1332 835 1375 θυμῷ.
866 1330 972 1375 quid?
1010 1330 1177 1373 χάρμην,
1213 1341 1382 1374 pugnam,
1408 1330 1592 1375 inspiravit
1621 1331 1691 1365 illis

0 1395 1 1405 ι
31 1378 114 1422 Nep
117 1377 246 1410 tunus‘2
270 1377 335 1410 imo
360 1377 521 1420 gaudium
548 1388 692 1420 pugnae,
717 1387 862 1410 amorem
889 1376 978 1409 belli.
1002 1387 1083 1419 ergo
1109 1375 1297 1409 scribamus
1320 1375 1460 1432 χάρμῃς
1482 1376 1690 1422 γηθοσύνῃ,

0 1432 1 1438 ’
30 1430 70 1457 ut
92 1424 206 1458 Thoe.
229 1425 263 1465 7,
287 1425 343 1458 73.
356 1447 366 1463 ‚
403 1429 589 1456 annotante
616 1423 738 1455 Matth.
778 1434 812 1467 p.
838 1421 919 1456 473.
945 1423 974 1455 1.
999 1421 1071 1455 ed:
1101 1420 1145 1456 τό
1169 1421 1362 1464 περιχαρὲς
1393 1423 1458 1465 τῆς
1493 1436 1598 1467 νικης
1622 1428 1690 1458 etc.

30 1470 146 1503 Schol.
171 1470 232 1502 Β..
255 1488 295 1492 -
322 1469 391 1502 νῦν
414 1466 476 1509 ὁὲ,
512 1467 562 1508 ὠς
584 1466 835 1512 Ἀρίσταρχος,
873 1467 919 1513 τῇ
950 1468 1002 1507 εἰς
1033 1466 1099 1501 τὸν
1121 1466 1282 1510 πόλεμον
1305 1469 1512 1522 προθυμίᾳ.
1547 1470 1613 1503 hoc
1637 1471 1691 1504 est

31 1515 112 1548 illud
134 1514 242 1569 ipsum
266 1511 410 1558 χᾶρμης
431 1511 636 1570 γηθοσύνῃ.
671 1515 758 1548 abiit
784 1528 801 1554 ς
825 1515 859 1546 1η
885 1527 920 1554 ι,
945 1521 983 1547 ut
1006 1525 1112 1558 saepe
1135 1514 1242 1555 alias3
1269 1513 1311 1547 de
1335 1527 1358 1560 ῃ
1382 1515 1414 1548 1ιι
1441 1527 1477 1549 οι
1502 1521 1629 1549 mutato
1653 1527 1689 1550 v.

31 1558 403 1605 0dyss.o'‚178.-—
430 1562 507 1595 114.
533 1558 694 1616 ἡμέας
706 1559 737 1604 γ’
763 1558 922 1599 οὔπως
957 1559 1053 1595 ἔστι
1078 1573 1114 1603 μ.
1141 1573 1174 1594 π.
1202 1560 1310 1593 malim
1337 1561 1510 1605 expeditis
1533 1561 1690 1602 numeris,

31 1618 94 1651 per
116 1607 354 1663 hyperbaton:
378 1604 493 1650 ἡμέας
518 1606 644 1646 οὔπως
666 1604 694 1650 γ’
723 1607 797 1641 ἔστι
821 1619 858 1648 μ.
882 1620 921 1640 π.
948 1625 989 1630 -
1017 1607 1094 1641 137.
1116 1606 1241 1650 corrig.
1267 1606 1382 1640 mirum
1407 1608 1562 1651 sphalma
1584 1613 1690 1652 typo-

32 1654 157 1697 graphi
183 1651 356 1695 ἄντικρν’.
378 1673 423 1678 -
449 1654 526 1688 158.
549 1664 632 1686 sane
653 1653 867 1687 intolerabile
893 1654 945 1685 est
966 1655 1219 1695 προποδίζων,
1252 1652 1528 1698 aptissimumque
1551 1660 1691 1687 senten-

32 1701 105 1732 tiae
129 1702 377 1742 προμαχίζων-
403 1699 447 1732 de
472 1700 504 1739 6,
531 1712 570 1741 κ,
596 1712 638 1742 χ,
662 1699 786 1732 litteris
813 1699 962 1732 confusis
995 1711 1026 1732 v.
1061 1698 1096 1741 ι’,
1124 1698 1203 1739 249,
1228 1699 1385 1732 Eustath.
1424 1700 1467 1733 ad
1495 1698 1624 1742 odyss.
1651 1698 1690 1743 ι’,

31 1746 99 1779 348
123 1751 188 1779 etc.
214 1756 404 1790 quanquam
428 1746 481 1777 vel
508 1744 617 1789 ipsum
641 1747 876 1788 προπαχίζων
900 1746 991 1778 sorte
1016 1750 1213 1785 exaratum,
1246 1756 1320 1777 cum
1346 1756 1447 1778 sensu
1474 1756 1605 1779 cassum
1630 1757 1688 1779 es-

33 1797 109 1832 set,
134 1803 270 1825 movere
295 1791 408 1836 potuit
432 1790 617 1832 criticum,
641 1799 681 1825 ut
707 1797 867 1836 poneret,
897 1791 986 1835 quod
1011 1798 1105 1825 certe
1137 1790 1409 1834 intelligeretur,
1443 1793 1691 1834 προποδίζων,

33 1838 189 1881 quamvis
212 1837 448 1880 ταυτολόγον.
474 1839 589 1870 eodem
615 1838 712 1871 modo
747 1837 980 1882 expediendus
1003 1838 1108 1872 suerit
1131 1839 1208 1872 806
1234 1855 1278 1861 ——
1315 1838 1389 1870 159.
1425 1849 1504 1871 ann.
1528 1837 1604 1872 dele
1628 1850 1691 1872 nu-

34 1894 161 1917 merum
186 1883 264 1919 159.
286 1903 328 1909 —
353 1884 433 1918 213.
458 1883 631 1916 molestum
658 1884 792 1927 quidem
816 1890 869 1917 est
892 1883 1055 1925 ἑταῖροι,
1080 1895 1153 1917 cum
1179 1883 1277 1917 modo
1303 1881 1445 1925 ἑταῖρος
1476 1883 1588 1917 dictus
1613 1885 1691 1918 sue-

35 1930 93 1962 rit.
120 1936 300 1974 praeterea
325 1930 428 1962 fracti
452 1935 532 1963 sunt
555 1931 685 1962 numeri
709 1941 850 1963 versus:
875 1929 940 1965 τόν
963 1928 1030 1972 μὲν
1052 1930 1056 1973 Ι
1078 1929 1219 1971 ἑταῖροι
1241 1937 1245 1967 Ι
1269 1927 1445 1975 ἔνεικανΙ.
1457 1949 1501 1955 —
1525 1931 1603 1964 278.
1629 1942 1691 1964 as-

35 1977 164 2009 sentior
186 1976 368 2020 Kiippenio
393 1982 428 2009 et
453 1975 614 2029 Heyneo‚
655 1977 741 2009 nunc
763 1987 898 2009 versum
932 1987 1007 2010 esse
1040 1975 1300 2021 suppositicium
1332 1981 1367 2009 et
1400 1987 1441 2009 ex
1480 1976 1692 2020 interpreta-

36 2020 128 2054 tione
152 2027 275 2056 ortum.
295 2040 335 2047 —
352 2023 433 2056 321.
460 2019 604 2063 ἀνδρ“
596 2036 608 2056 ι
635 2022 685 2056 δέ
709 2021 746 2056 κ’
772 2021 825 2057 ου’
840 2036 860 2054 κ
885 2022 1043 2065 εἴξειε.
1069 2022 1239 2066 scriptura
1263 2021 1490 2064 κακόφωνος.
1516 2022 1693 2056 beneAri-

36 2067 142 2100 stides
166 2074 244 2100 tom.
270 2068 301 2101 Ξ.
327 2078 360 2111 p.
386 2068 485 2101 258.-
512 2065 616 2110 οἷνὲρι
657 2066 697 2102 6'
725 2066 792 2103 οὐκ
819 2069 922 2111 εἷ’ξειι»
939 2069 1090 2113 ‚idque
1114 2073 1300 2109 monstrat,
1341 2069 1430 2113 quod
1456 2068 1587 2112 aliquot
1610 2068 1691 2102 libri

36 2112 316 2157 1ι81)ειι1;,οῗνὸρὶ
342 2111 384 2148 6'
410 2111 480 2148 ov'n
504 2114 568 2156 εἴξ.
594 2127 629 2148 v.
654 2115 778 2148 Manli
806 2117 836 2156 ἓ
864 2118 941 2150 514.
969 2126 1046 2148 ann-
1074 2135 1113 2139 —
1141 2115 1220 2149 363.
1245 2095 1326 2147 noia
1350 2126 1418 2148 scr.
1444 2115 1634 2149 Eustathii.
1645 2133 1692 2140 -—-

35 2161 117 2194 366.
148 2158 388 2205 υπέσχετο
420 2158 469 2195 δε
500 2163 619 2204 μέγα
654 2161 808 2204 ἔργον.
843 2161 971 2195 numeri
996 2161 1189 2194 debiliores.
1225 2171 1310 2193 unus
1333 2160 1498 2194 Vindob.:
1535 2172 1599 2195 υπ.
1621 2160 1692 2205 γάρ

37 2217 75 2247 μ.
101 2204 130 2239 ἕ.
145 2231 155 2247 ,
194 2218 282 2250 quae
308 2207 495 2264 particulae
520 2208 712 2241 sexcenties
737 2208 898 2241 confusae
922 2213 1010 2241 sunt.
1035 2208 1089 2241 vel
1114 2207 1147 2239 id
1174 2206 1411 2240 arcessendum
1437 2206 1605 2247 arbitror,
1636 2206 1693 2240 vel

39 2251 275 2286 scribendum:
300 2251 367 2288 ὑπ.
393 2251 429 2287 6'
458 2253 494 2286 οἱ
518 2266 555 2296 μ.
581 2252 607 2288 ἓ.
633 2265 696 2287 nec
719 2254 895 2297 inelegans
919 2254 1009 2288 foret
1033 2254 1117 2286 hoc·
1154 2264 1217 2287 υπ.
1243 2251 1283 2286 δ’
1305 2250 1348 2287 ἐν
1371 2251 1464 2306 μέγα
1493 2251 1617 2296 ἔργον,
1653 2257 1694 2287 ut

0 2323 1 2328 ,
37 2295 79 2331 ὲν
103 2304 271 2341 μέγιστον
296 2312 352 2354 ap.
379 2299 501 2344 Eurip.
524 2300 657 2334 Phoen.
675 2301 754 2335 358.
779 2307 920 2334 nostrae
943 2301 996 2334 erl.
1022 2305 1086 2333 etc.
1113 2299 1157 2332 cf.
1186 2296 1234 2340 μ’,
1258 2297 1347 2339 459,
1372 2297 1414 2342 ξ’,
1440 2299 1518 2333 171.
1546 2318 1587 2323 —-
1612 2297 1694 2333 413.

40 2354 115 2376 ann.
139 2354 225 2378 scra
250 2344 355 2389 ἐκπά,
357 2348 446 2385 λως.
475 2365 520 2370 —-
555 2346 635 2382 415.
658 2357 735 2379 ann.
763 2358 848 2380 scr.:
874 2345 927 2389 θ’,
953 2347 1032 2380 366.
1056 2364 1101 2369 —-
1133 2344 1212 2378 450.
1245 2344 1406 2399 Κρήτῃ
1440 2343 1694 2387 ἐπίουρον.

41 2389 142 2434 paulo
167 2391 304 2425 suavius
327 2393 420 2425 foret
446 2390 595 2436 Κρήτης
619 2391 674 2427 ἐπ.
687 2396 756 2432 ‚ut
780 2390 858 2427 υῶν
883 2392 1062 2435 ἐπίουρος
1086 2391 1213 2435 Ody.ss
1239 2389 1284 2434 ν’,
1310 2392 1378 2426 405
1402 2394 1470 2425 etc.
1494 2402 1596 2436 saepe
1622 2404 1635 2424 ι
1659 2394 1694 2424 et

43 2448 61 2474 ς
84 2436 237 2470 confusa.
261 2456 307 2463 —
329 2439 408 2472 482.
433 2439 543 2482 friget
564 2439 666 2472 etiam
692 2437 742 2478 τός
766 2451 832 2482 μοι
856 2438 1015 2492 ἔπεισιν,
1036 2437 1101 2470 imo
1127 2438 1250 2471 inferri
1272 2437 1370 2471 51ιιιιιΙ
1395 2444 1565 2490 nequeunt
1589 2438 1696 2470 verba

44 2480 180 2516 ἔπεισιν
202 2488 238 2516 et
261 2481 421 2541 ἐπιόντα.
453 2485 541 2518 latet
569 2485 701 2539 aliquid
734 2485 884 2528 gravius
910 2485 975 2518 hoc
1006 2485 1042 2518 in
1068 2490 1212 2517 mentem
1245 2484 1342 2517 venit
1380 2484 1545 2516 attentius
1574 2483 1696 2516 rimato

43 2527 141 2561 mihi.
167 2547 210 2553 —
235 2542 350 2573 ταχυν
375 2528 471 2575 ὁρμῇ
505 2529 680 2572 garbam,
717 2527 776 2572 ,Ως
799 2529 898 2573 μάλα
926 2537 992 2564 etc.
1002 2555 1012 2571 ‚
1053 2528 1166 2564 ἐπώσε
1154 2541 1204 2564 ιν
1228 2541 1329 2563 sensu
1361 2533 1503 2569 neutro,
1543 2534 1583 2562 ut
1606 2528 1697 2573 apud

40 2574 237 2608 Lucianum.
264 2578 408 2610 mutatio
435 2577 565 2619 facilis,
598 2577 766 2621 siquidem
792 2590 812 2620 ρ
838 2584 874 2612 et
899 2588 936 2622 σ,
970 2591 993 2621 η
1019 2580 1054 2609 et
1078 2590 1136 2616 οι,
1173 2575 1320 2619 denique
1343 2587 1374 2610 ει
1402 2587 1446 2610 ου
1472 2579 1507 2608 et
1532 2588 1584 2618 ω,
1617 2586 1698 2619 per-

44 2626 173 2654 mutata
197 2633 432 2666 nonnunquam
455 2634 530 2656 esse
554 2624 705 2657 norimus
729 2624 762 2659 iu
798 2623 905 2657 libris.
942 2624 986 2657 cf.
1014 2623 1135 2667 Euiip.
1160 2622 1288 2655 Phoen.
1320 2620 1420 2655 1444.
1447 2621 1556 2655 altera
1581 2624 1699 2654 nostra

45 2666 98 2700 ed
124 2686 171 2691 —-
194 2669 273 2702 571.
299 2680 356 2701 sax
351 2681 380 2701 ,ε
406 2671 592 2722 ponendum
626 2676 678 2703 est
711 2667 784 2704 ὁτέ.
813 2689 852 2694 ·—
879 2671 956 2704 666.
984 2681 1050 2702 ιιοιι
1087 2668 1242 2712 poenitet
1265 2666 1504 2720 conjecturae,
1543 2667 1701 2722 quamvis

46 2712 130 2747 alias
156 2714 246 2748 baud
270 2717 457 2759 repererim
482 2722 704 2749 commutatas
727 2716 819 2749 inter
843 2727 880 2750 se
904 2719 934 2750 θ
958 2722 993 2749 et
1016 2729 1037 2749 ν
1060 2715 1216 2754 littera53
1243 2713 1304 2746 sed
1327 2713 1402 2756 ipsa
1419 2713 1525 2746 verba
1555 2710 1704 2756 ἁγαθός

43 2763 81 2794 et
105 2758 244 2804 ἀγανὸς
268 2760 454 2804 persimilia
478 2766 557 2794 sunt
581 2762 750 2807 facileque
775 2763 1025 2796 confundenda.
1048 2780 1094 2786 —-
1119 2761 1196 2795 680
1224 2759 1323 2802 plene
1348 2758 1626 2801 distinguendum
1651 2763 1705 2792 est

47 2805 83 2838 in
103 2806 173 2839 fine
197 2807 296 2862 hujus
320 2818 449 2840 versus.
474 2825 519 2831 —
543 2808 620 2841 696.
649 2809 691 2841 de
716 2808 842 2853 oppido
869 2809 1019 2852 Phylace
1041 2819 1074 2840 v
1100 2805 1144 2852 β’,
1171 2805 1248 2841 695
1262 2823 1303 2828 -
1326 2805 1404 2839 713
1433 2803 1482 2837 οὗ
1508 2804 1596 2849 γάρ
1621 2814 1705 2849 σφι

49 2853 230 2898 σταδίῃ
264 2850 437 2897 ὑσμίνῃ
461 2855 602 2895 μίμνε
631 2856 773 2898 φίλον
798 2855 894 2899 κῆρ.
930 2854 1139 2887 submdiunt
1174 2849 1212 2884 ἐν
1235 2851 1270 2884 in
1296 2850 1396 2884 σταδ.
1423 2847 1582 2897 υσμίνῃ,
1612 2850 1706 2929 quobd

50 2899 233 2942 accipiam,
260 2900 326 2933 etsi
353 2899 451 2932 Hom.
477 2900 560 2932 haec
585 2905 620 2933 et
643 2901 764 2934 similia
789 2902 984 2944 frequentat
1009 2899 1047 2934 ἐν
1070 2901 1154 2933 πολι
1153 2909 1234 2940 ιιςο,
1271 2894 1309 2930 ἐν
1336 2897 1527 2939 δηὶοτῆτιε
1564 2896 1625 2930 sed
1649 2897 1693 2930 ub
1696 2895 1708 2929 i

49 2946 184 2977 tandem
210 2946 298 2979 dixit
321 2947 468 2989 μίμνειν
492 2945 585 2988 κῆρ,
622 2959 758 2980 manere
784 2958 840 2980 σοι
850 2972 860 2988 ,
901 2947 943 2979 ad
968 2922 1234 3000 significandum
1254 2941 1309 2976 ani
1313 2953 1383 2975 mos
1414 2942 1556 2976 militum
1580 2943 1710 2987 imper-

50 2990 215 3025 territos?
253 2993 346 3037 quod
379 2991 486 3026 donec
509 2991 705 3045 inveniatur
738 2992 828 3039 apud
853 3002 950 3037 eum,
989 2991 1124 3027 interim
1161 2989 1247 3024 haec
1284 2988 1435 3059 affecta*
1446 3000 1522 3024 esse
1545 2989 1709 3030 arbitror,

1339 3031 1435 3078 25*

1320 3165 1339 3172 Α
