1821 3288
679 98 1070 140 ΠΤΘΙΟΝ.

1615 107 1697 148 277

270 207 443 261 Ἔνθεν
473 206 520 250 δὲ
548 207 747 260 προτέρω
778 208 909 260 ἔκιες,
940 205 1169 264 ἑκατηβόλ’
1188 205 1420 266 Ἄπολλον,

207 264 447 320 ’Όγχῆστον
476 262 517 307 δ’
550 262 633 315 ἷξες
663 266 924 321 Ποσιδήϊον,
955 266 1121 320 ἀγλαὸν
1151 262 1293 315 ἄλσος.

215 321 325 364 ἔνθα
355 319 543 375 νεοδμής
571 325 715 372 πῶλος
744 321 973 373 ἀναπνέει,
1004 321 1249 377 ἀχθόμενος
1281 326 1378 376 κῆρ,

133 380 187 424 55
217 377 354 420 ἕλκων
384 377 554 431 ἅρματα
582 378 715 430 καλοὶ,
745 380 875 434 χαμαὶ
910 377 954 422 δ’
984 377 1140 433 ἐλατήρ
1171 376 1341 431 ἀγαθός
1369 395 1463 435 περ,

215 435 262 477 ἐκ
293 436 471 489 δίφροιο
500 434 674 487 θορών,
706 433 812 478 ὁδὸν
843 436 1034 491 ἔρχεται·
1068 437 1111 478 οἱ
1140 434 1186 478 δὲ
1215 434 1321 486 τέως
1349 437 1431 490 μὲν

213 489 325 534 κείν’
359 490 459 545 ὄχεα
488 491 764 544 κροτέουσιν,
795 490 1063 546 ἀνακτορίην
1092 490 1306 546 ἀφιέντες.

213 548 250 590 εἰ
280 546 326 590 δέ
356 563 432 590 κεν
460 546 617 602 ἅρματ’
647 547 813 602 ἄγωσιν
844 549 890 592 ἐν
921 547 1043 592 ἄλσεϊ
1071 547 1346 603 δενδρήεντι,

213 604 378 654 ἵππους
407 604 486 659 μὲν
515 604 747 658 κομέουσι,
778 622 832 648 τα
862 605 908 648 δὲ
936 609 1159 656 κλίναντες
1184 604 1334 647 ἐῶσιν·

124 665 180 706 60
210 658 270 711 ὣς
298 660 382 716 γὰρ
411 662 465 704 τὰ
492 660 706 714 πρώτισθ’
739 661 837 717 ὁσίη
866 659 1029 716 γένεθ’.

1089 663 1132 704 οἱ
1162 660 1209 705 δὲ
1235 659 1392 704 ἄνακτι

208 716 432 773 εὔχονται·
464 719 626 772 δίφρον
655 717 701 761 δὲ
728 722 840 760 θεοῦ
867 717 965 762 τότε
993 723 1129 772 μοῖρα
1158 716 1387 773 φυλάσσει.

271 775 432 817 ’Ένθεν
461 774 507 817 δὲ
536 773 731 827 προτέρω
762 775 891 825 ἔκιες,
923 773 1405 829 ἑκατηβόλ”ᾊπολλον,

207 831 414 885 Κηφισὸν
446 829 487 873 δ’
519 830 593 884 ἄρ’
626 831 768 872 ἔπειτα
797 829 978 885 κιχήσαο
1009 830 1344 884 καλλιρέεθρον,

193 886 304 940 Ἷὅστε
334 888 573 942 Λιλαίηθεν
602 887 773 940 προχέει
800 888 1062 941 καλλίῤῥοον
1089 886 1225 937 ὕδωρ.

122 943 178 989 65
205 941 284 985 τὸν
314 943 488 997 διαβάς,
515 942 738 997 Ἑκάεργε,
767 944 842 986 καὶ
867 941 1078 998 Ὠκαλέην
1105 942 1392 996 πολύπυρον,

207 999 337 1042 ἔνθεν
368 998 444 1053 ἄρ’
478 1000 542 1049 εἰς,
565 998 788 1053 Ἁλίαρτον
818 999 974 1054 ἀφίκεο
1004 999 1236 1055 ποιήεντα,

205 1057 284 1111 βῆς
313 1053 357 1099 δ’
389 1055 458 1099 ἐπὶ
493 1055 782 1113 Τιλφούσσης.
839 1056 943 1100 τόθι
971 1073 1040 1100 τοι
1069 1056 1145 1100 ἅδε
1174 1059 1317 1112 χῶρος
1345 1051 1532 1108 ἀπήμων

80 1188 137 1226 53.
173 1186 450 1236 ''Oyznovow
476 1202 511 1227 V.
535 1190 576 1224 Π.
602 1189 648 1238 β’,
671 1192 752 1227 506.

80 1241 245 1277 54—61.
294 1241 441 1275 Videtur
469 1241 657 1285 significari
681 1241 839 1275 solemni-

33 1290 90 1321 tas
113 1288 296 1333 quaedam,
321 1287 356 1321 in
379 1288 540 1322 honorem
559 1287 715 1330 Neptuni
735 1299 839 1332 eque-

33 1335 117 1368 stris
153 1334 346 1375 celebrata,
381 1345 472 1377 quae
507 1345 582 1367 cum
615 1334 838 1367 Romanorum

33 1378 260 1414 Consualibus
284 1380 473 1424 comparari
508 1379 637 1424 possit..
676 1383 839 1412 memorat

32 1423 136 1460 Paus-
159 1428 195 1466 9,
219 1427 276 1460 37.
311 1426 434 1458 festum
465 1425 619 1470 Neptuni
644 1425 837 1466 Onchestii,

31 1480 100 1514 quo
141 1472 232 1505 festo
267 1471 427 1505 Thebani
469 1470 687 1516 Clymenum,
722 1482 838 1514 regem

34 1516 261 1558 Orchomeni,
302 1515 500 1550 occiderint.
540 1516 584 1550 ad
623 1517 711 1549 idem
744 1515 837 1549 haud

31 1564 137 1598 dubie
159 1564 284 1596 festum
323 1565 425 1607 po'e'ta
462 1562 516 1596 hic
540 1567 658 1597 noster
681 1561 838 1606 respicit,

884 1190 937 1226 ita
959 1191 1089 1237 primus
1113 1192 1198 1237 lig„
1232 1193 1271 1224 ut
1303 1187 1441 1234 ἤχθετο
1464 1186 1535 1232 γάρ
1556 1185 1627 1231 κῆρ
1651 1186 1690 1221 ΙΙ.

886 1235 933 1280 α’,
965 1239 1033 1273 274
1061 1244 1155 1280 etc.‚
1206 1237 1267 1281 qui
1308 1234 1504 1274 annotavit,
1551 1234 1692 1267 verbum

885 1283 1076 1327 ἄχθεσθαι
1114 1294 1250 1328 semper
1300 1283 1343 1316 ad
1385 1281 1529 1315 animum
1568 1280 1692 1313 referri

883 1331 974 1375 apud
1000 1331 1194 1363 Homerum.
1227 1327 1327 1362 libri:
1364 1325 1574 1371 ἀχθόμενός
1608 1338 1688 1368 περ,

883 1382 919 1409 et
958 1375 1115 1409 similiter
1155 1373 1322 1418 χωομένη
1365 1385 1432 1416 περ
1469 1373 1553 1411 154,
1597 1371 1688 1416 quod

882 1422 987 1454 Barn.
1009 1421 1213 1454 emendavit.
1239 1421 1283 1454 de
1307 1433 1327 1454 κ
1351 1424 1387 1453 et
1410 1432 1436 1453 π
1459 1417 1584 1451 litteris
1609 1429 1690 1451 con-

883 1467 968 1500 fusis
993 1478 1025 1500 v.
1050 1466 1090 1500 Il.
1115 1466 1159 1511 γ’,
1189 1467 1270 1501 406.
1294 1483 1339 1490 —
1375 1462 1689 1507 ἀνακτορίην,

882 1513 1073 1556 imperium.
1121 1531 1167 1537 -
1215 1507 1408 1555 ἄγωσιν.
1464 1511 1515 1544 sic
1562 1511 1690 1554 primus

883 1558 987 1593 Barn.
1021 1570 1201 1604 perperam
1243 1558 1321 1591 libri
1347 1555 1490 1603 ἅγῃσιν,
1521 1557 1564 1589 ab
1599 1553 1688 1599 ἄγω,

31 1621 74 1644 ex
98 1620 164 1655 quo
198 1608 334 1653 quidem
367 1607 546 1651 discimus,
588 1609 699 1652 legem
730 1608 838 1641 fuisse
877 1608 1032 1648 frango:
1074 1616 1151 1638 nam
1175 1604 1233 1649 qui
1266 1614 1345 1637 usus
1373 1603 1500 1637 fuisset
1532 1613 1690 1635 curruum

29 1655 150 1690 horum
174 1654 350 1693 ludorum,
376 1659 414 1688 ut
438 1656 597 1699 aurigae,
622 1655 681 1688 ubi
706 1655 749 1687 ad
774 1666 837 1687 ne-

29 1712 103 1737 mus
125 1701 279 1746 Neptuni
304 1699 456 1744 egissent
480 1711 622 1742 currus,
646 1700 837 1740 desilirent,

29 1747 199 1793 equisque
221 1757 353 1780 currum
392 1746 651 1789 permitterent3
685 1757 780 1788 quem
807 1746 836 1778 si

33 1794 161 1828 salvum
185 1792 235 1825 illi
260 1791 452 1825 traxissent
474 1793 508 1825 in
533 1803 649 1825 nemus
676 1789 836 1834 (ἄλσος),

33 1840 98 1873 deo
122 1839 230 1872 fuisse
253 1838 533 1879 consecrandum,
560 1842 594 1870 et
619 1849 723 1882 equos
743 1837 835 1870 alen—

32 1885 106 1919 dos.
145 1895 212 1928 quo
250 1884 372 1917 damno
397 1896 440 1917 ne
475 1884 719 1928 plecterentur,
752 1888 836 1916 vota

27 1931 156 1966 fecisse
179 1929 319 1973 aurigas
342 1930 427 1971 deo,
452 1930 574 1974 quibus
594 1929 750 1974 placatus
768 1929 834 1962 alio

29 1987 136 2021 equos
170 1976 366 2009 avertisset.
408 1975 581 2021 pertinere
620 1976 704 2008 haec
736 1974 836 2008 vide-

28 2024 154 2058 bantur
184 2021 316 2066 Ilgenio
350 2020 392 2055 ad
426 2023 625 2066 Neptunum
660 2020 836 2064 ταράξιπ-

29 2082 123 2110 πον,
149 2069 241 2112 quod
264 2066 330 2100 fuit
348 2079 533 2112 cognomen
554 2067 709 2110 Neptuni
730 2079 835 2111 eque-

29 2114 123 2157 stris,
158 2114 395 2154 Ποσειὸὦνος
434 2115 503 2148 τοῦ
535 2110 699 2154 Ἱππίου,
743 2117 834 2146 teste

27 2162 132 2196 Paus.
156 2162 190 2201 6,
221 2161 277 2194 20.
303 2160 363 2193 sed
389 2160 495 2193 salsus
519 2164 572 2192 est
597 2160 651 2193 vir
677 2159 834 2204 optimus,

28 2212 193 2250 recteque
224 2205 444 2250 Bottigeru5‚
484 2206 580 2249 cujus
614 2206 678 2238 hac
713 2206 756 2238 de
795 2216 834 2238 re

29 2253 293 2298 disputationem
311 2251 662 2286 animadversionibus
687 2252 758 2284 suis
780 2250 833 2283 in·

29 2298 139 2333 seruit
150 2298 296 2340 Matth„
320 2297 484 2331 credibile
509 2309 586 2330 esse
609 2297 669 2340 ait,
691 2297 831 2330 Onche-

30 2344 75 2378 sti
100 2343 281 2377 Consualia
304 2344 469 2389 quaedam
502 2343 609 2377 fuisse
631 2343 668 2376 in
692 2343 831 2387 Neptu-

31 2389 65 2424 ni
88 2389 258 2433 equestris
290 2390 451 2424 honorem
484 2389 662 2430 instituta,
695 2388 730 2421 in
755 2388 831 2432 qni-

29 2436 94 2469 bus
121 2446 140 2467 e
164 2445 265 2468 cursu
289 2446 470 2479 equorum,
503 2436 562 2479 qui
586 2434 701 2468 currui
720 2434 832 2478 juncti

28 2480 65 2515 in
87 2481 195 2515 lucum
226 2480 439 2525 Neptunium
473 2486 683 2525 agerentur,
715 2479 832 2524 auspi-

27 2527 83 2561 cia
105 2531 210 2570 capta
241 2526 368 2559 suerint
398 2529 534 2567 fausta,
567 2526 597 2560 si
621 2525 723 2570 equi,
757 2537 832 2558 curn

28 2572 150 2616 auriga
172 2571 381 2613 desiluisset,
404 2574 533 2618 impetu
555 2579 696 2606 ruentes
719 2571 754 2604 in
779 2571 832 2604 lu-

29 2629 104 2652 cum
137 2619 337 2658 tenderent,
373 2619 469 2652 salvo
512 2629 638 2659 curru3
676 2618 829 2650 infausta

28 2675 135 2704 vero,
174 2663 204 2696 si
235 2674 370 2696 currum
403 2665 626 2707 frangerent,
665 2667 701 2696 et
735 2662 829 2696 devii

27 2710 379 2753 eircumvagarentur.
410 2710 456 2744 cf.
481 2710 593 2755 Heyn.
619 2721 697 2744 ann.
722 2708 765 2743 ad
789 2708 829 2742 Il.

28 2755 73 2802 β’,
97 2757 177 2790 506.
206 2774 244 2780 -
279 2756 434 2795 πῶλος
457 2753 678 2799 νεοδμής.
727 2766 828 2800 prae-

26 2801 186 2835 stantiam
210 2801 289 2843 equi
303 2801 433 2836 indicat
451 2801 502 2836 his
518 2801 645 2842 verbis,
663 2800 829 2846 siquidem

27 2847 169 2881 maxime
200 2847 338 2882 animosi
363 2851 442 2881 sunt
466 2847 544 2892 equi
567 2859 688 2881 recens
721 2846 829 2880 domi-

28 2892 70 2925 ti.
91 2913 137 2919 —
167 2890 424 2936 ἀναπνέει,
460 2894 676 2927 vehementer
706 2894 828 2938 spirat,

8 2949 138 2982 germ.
156 2939 334 2974 echnaubt.
359 2959 404 2966 --
428 2936 704 2984 ἀχθόμενος
727 2939 826 2984 κῆρ-

882 1651 1100 1684 fractorum?
1146 1650 1212 1684 imo
1256 1650 1370 1683 salvos
1404 1660 1462 1682 eos
1488 1648 1524 1681 in
1550 1657 1689 1682 nemore

883 1696 1066 1730 reclinatus
1089 1696 1155 1729 deo
1178 1696 1424 1730 consecrabant
1447 1694 1610 1737 aurigae,
1634 1694 1688 1727 ei-

884 1743 1028 1787 demque
1052 1742 1190 1776 alendos
1222 1752 1330 1786 equos
1363 1741 1539 1774 curabant.
1571 1759 1616 1764 —
1649 1738 1689 1774 ὁ·

882 1789 983 1832 σίη,
1001 1789 1085 1830 jus,
1110 1788 1174 1821 leX.
1204 1788 1333 1832 odyss.
1357 1786 1406 1827 π’,
1430 1785 1511 1828 423,
1539 1783 1582 1829 χ’,
1605 1783 1687 1826 412,

882 1835 916 1867 h.
940 1835 975 1867 in
1000 1834 1108 1867 Merc.
1131 1835 1206 1869 130.
1232 1853 1277 1858 -—
1302 1832 1346 1868 οἱ
1371 1831 1439 1873 δὲ,
1468 1831 1623 1875 aurigae.
1642 1849 1688 1855 -—

881 1879 1001 1915 θεοῦ
1024 1883 1193 1923 μοῖρα,
1217 1880 1274 1913 dei
1294 1879 1513 1923 providentia
1535 1889 1593 1910 seu
1621 1889 1686 1911 nu-

881 1937 979 1967 men,
1013 1930 1051 1959 ut
1085 1926 1213 1970 Odyss.
1245 1923 1288 1969 χ’,
1329 1925 1428 1961 413.=
1470 1921 1603 1958 τούσδε
1645 1922 1687 1959 δὲ

880 1969 986 2016 μοῖρ’
1019 1970 1200 2016 ἐδάμασσε
1239 1972 1364 2014 θεῶν,
1406 1969 1685 2016 quemadmodum
1720 1976 1723 1977 ’

881 2017 970 2053 αἶσα
993 2018 1088 2058 Διός
1112 2018 1239 2052 dicitur
1263 2017 1351 2060 256,
1387 2022 1422 2051 et
1454 2017 1556 2051 θεῶν
1581 2014 1685 2060 ἰότη-

879 2078 915 2100 τι
938 2064 1000 2099 uoci
1036 2065 1122 2110 αἴσῃ
1153 2064 1188 2099 h.
1223 2064 1259 2097 in
1295 2064 1382 2097 Ven.
1412 2065 1512 2106 166„
1544 2069 1582 2096 ut
1615 2061 1683 2107 ng.

880 2112 1068 2145 annotavit.

926 2158 1090 2192 62—67.
1142 2155 1313 2189 assentior
1336 2153 1488 2200 Ilgenio,
1523 2153 1590 2187 iter
1617 2153 1683 2188 hoc

879 2203 1046 2248 Apollinis
1085 2213 1152 2236 non
1195 2201 1239 2235 ad
1278 2201 1542 2246 geographicam
1579 2197 1683 2242 ἀκρί-

877 2250 982 2295 βειαν
1017 2248 1220 2293 exigendum
1255 2258 1332 2281 esse
1375 2245 1586 2285 autumanti,
1620 2245 1683 2280 sed

878 2297 995 2334 deum,
1020 2301 1059 2328 ut
1082 2296 1158 2339 quis
1181 2292 1307 2337 primus
1330 2304 1367 2325 se
1391 2293 1463 2336 ejus
1488 2291 1593 2325 oculis
1616 2292 1683 2325 ob—

877 2341 998 2375 tulerit
1019 2340 1135 2381 locus,
1170 2350 1229 2373 seu
1263 2339 1447 2372 fertilitate
1470 2338 1544 2371 sive
1568 2348 1682 2371 amoe-

876 2387 986 2421 nitate
1019 2384 1317 2427 commendabilis,
1349 2397 1423 2418 eum
1459 2384 1596 2417 adiisse.
1631 2383 1682 2415 sic

877 2434 989 2466 solent
1012 2435 1147 2477 poetae.
1171 2449 1216 2456 —-
1247 2428 1485 2475 Κηφισόν,
1521 2428 1681 2463 Phocidis

876 2479 1034 2518 fluvium,
1065 2478 1163 2522 cujus
1193 2477 1270 2510 fons
1298 2481 1372 2511 erat
1398 2487 1505 2521 prope
1529 2475 1680 2508 Lilaeam

879 2524 1049 2568 oppidum.
1076 2524 1116 2557 Il.
1141 2521 1186 2568 β’,
1210 2524 1290 2557 523.
1314 2541 1360 2548 -
1392 2532 1512 2556 versus
1537 2520 1593 2554 64.
1617 2521 1680 2554 sub

878 2570 1022 2604 Hesiodi
1053 2569 1187 2603 nomine
1221 2568 1382 2602 laudatur
1428 2566 1614 2601 Eustathio
1644 2570 1681 2600 et

879 2615 1152 2660 Pseudodidymo
1178 2614 1220 2649 ad
1258 2614 1297 2648 Il.
1323 2612 1368 2658 β’,
1399 2614 1500 2657 521.,
1530 2611 1680 2655 legitur-

874 2673 941 2705 que
971 2661 1007 2695 in
1041 2661 1185 2695 Hesiodi
1228 2660 1440 2704 fragmentis
1472 2678 1519 2684 —
1555 2655 1680 2692 Ὠκα-

874 2707 997 2750 λέην.
1038 2708 1078 2741 ΙΙ.
1111 2705 1157 2752 β’,
1187 2708 1267 2742 501.
1298 2723 1344 2729 -
1394 2703 1678 2747 πολύπυρον

874 2753 1004 2795 Baro„
1039 2754 1086 2786 W
1118 2758 1153 2787 et
1177 2751 1396 2786 recentiores.
1429 2751 1529 2785 codd.
1561 2748 1678 2784 πολύ-

874 2812 1028 2844 πυργον.
1052 2811 1087 2833 v.
1110 2799 1148 2833 ll.
1175 2797 1217 2838 λ’,
1252 2797 1319 2832 756
1344 2802 1410 2830 etc.
1432 2816 1479 2821 —
1505 2794 1678 2840 Ἁλίαρ-

873 2858 971 2880 τον.
1001 2846 1042 2879 ΙΙ.
1065 2843 1111 2891 β’,
1146 2844 1227 2879 503.
1257 2861 1303 2868 --
1340 2841 1675 2888 Τιλφοῦσσης.

873 2892 979 2927 fontis
1001 2891 1187 2930 Boeotiae,
1219 2900 1239 2923 a
1261 2889 1392 2933 τίλφῃ,
1427 2890 1460 2924 h.
1485 2901 1516 2923 e.
1550 2891 1674 2935 σίλφῃ,
1708 2899 1711 2903 ’

873 2939 1005 2979 blatta,
1029 2935 1206 2983 appellati.
1242 2946 1419 2980 perperam
1450 2935 1550 2970 libri:
1585 2939 1675 2972 Δελ-

1284 3103 1302 3112 ,-
