1821 3288
807 267 858 304 A.

172 377 345 424 ΕΙΣ
410 376 825 422 ΕΣΤΙΑΝ
887 378 1059 422 ΚΑΙ
1122 377 1491 429 ΕΡΜΗΝ.

172 585 382 679 Ῑστίη,“
364 627 393 665 η
419 608 595 653 πάντων
630 607 677 651 έν
704 607 902 679 δώμασιν
929 607 1165 665 ὑψηλοῖσιν

176 663 416 710 ἀθανάτων
441 681 487 709 τε
514 667 648 717 θεῶν,
681 666 814 720 χαμαὶ
841 665 1088 722 ἐρχομένων
1116 669 1163 711 τ’
1193 667 1453 724 ἀνθρώπων,

121 724 304 778 *ἕδρην
333 721 480 766 ἀίδιον
508 722 666 778 ἔλαχες,
696 725 935 777 πρεσβηίδα
963 723 1106 793 τιμὴν,

173 779 311 823 καλὸν
339 779 498 835 ἔχουσα
525 779 656 834 γέρας
682 780 756 822 καὶ
783 779 913 851 τιμήν
942 778 1017 828 (οὐ
1045 781 1128 835 γὰρ
1160 778 1259 848 ἄτερ
1289 787 1373 828 σοῦ

119 840 146 881 5
176 837 391 880 εἰλαπίναι
418 840 658 891 θνητοῖσιν,
688 833 750 877 ἵν’
779 836 834 878 ου’
862 833 1027 891 πρώτη,
1057 851 1231 896 πυματῃ
1261 854 1319 891 τε,

173 893 303 965 Ιστίῃ
321 892 573 964 ἀρχόμενος
603 890 775 934 σπένδει
803 892 1010 963 μελιηδέα
1034 890 1188 947 οἶνον),

172 949 245 993 καὶ
277 948 332 992 σύ
362 966 450 1003 μοι,
478 947 774 1016 Ἀργειφόντα,
803 946 914 998 Διὸς
942 948 1016 991 καὶ
1043 949 1251 999 Μαιάδος
1279 950 1360 1002 υἱὲ,

172 1006 325 1060 ἄγγελε
351 1008 440 1047 τῶν
469 1003 693 1073 μακάρων,
720 1002 1007 1060 χρυσόρραπι,
1040 1006 1181 1060 δῶτορ
1216 1006 1342 1061 ἐάων,

173 1063 296 1111 ι’λαος
325 1059 389 1103 ω“ν
418 1059 605 1130 ἐπάρηγε
633 1059 715 1104 σύν
745 1062 889 1117 αἰδοίῃ
923 1076 982 1113 τε,
1013 1063 1118 1131 φίλῃ
1148 1077 1208 1114 τε,
1238 1066 1244 1074 “

95 1124 147 1164 10
172 1116 322 1173 Ἱστίῃ·
352 1114 596 1185 αμφότεροι
622 1116 706 1172 γάρ
737 1118 1001 1187 ἐπιχθονίων
1031 1115 1285 1170 ἀνθρώπων

170 1175 312 1218 ναίετε
342 1172 520 1248 δείματα
551 1173 676 1223 καλα,
707 1175 815 1228 φίλα
844 1174 1001 1246 φρεσὶν
1030 1173 1285 1229 ἀλλήλοισιν

172 1231 333 1282 εἰδότες
364 1233 555 1286 ἔργματα
586 1229 713 1283 καλὰ,
741 1229 834 1289 νόῳ
868 1229 918 1274 θ’
951 1230 1134 1274 ε’σπεσθε
1163 1232 1234 1274 καὶ
1263 1231 1363 1289 η’βῃ.

249 1346 396 1396 Χαῖρε,
415 1341 609 1414 Κρόνου
637 1341 863 1414 θύγατερ,
882 1341 940 1385 6v'
968 1357 1028 1394 τε,
1054 1342 1130 1385 καὶ
1157 1342 1454 1398 χρυσόρραπις
1475 1342 1650 1404 Ἑρμῆς·

172 1398 311 1455 αὐτὰρ
341 1399 453 1455 έγων
480 1398 628 1454 ὑμέων
657 1414 702 1442 τε
730 1400 806 1443 καὶ
835 1397 964 1455 ἄλλης
992 1397 1186 1455 μνήσομ’
1215 1399 1380 1457 αοιδῆς.

781 1727 874 1764 ΛΑ.

204 1838 353 1884 ΕΙΣ
402 1837 586 1883 ΓΗΝ
638 1837 1005 1884 ΜΗΤΕΡΑ
1063 1839 1446 1885 ΠΑΝΤΩΝ.

170 2051 333 2114 Γαῖαν
358 2067 661 2141 παμμήτειραν
690 2068 901 2128 ἀείσομαι,
929 2070 1219 2147 ήῦθέμεθλον,
1243 2074 1246 2076 ’

171 2127 449 2198 πρεσβίστην,
479 2127 511 2196 ἢ
537 2127 690 2184 φέρβει
717 2129 789 2173 ε’πὶ
817 2130 949 2185 χθονὶ
975 2129 1132 2181 πάνθ’,
1163 2127 1296 2173 67150'6'
1327 2128 1456 2183 ἐστιν,

176 2184 310 2256 η’μὲν
320 2183 403 2228 ὅσα
430 2182 571 2240 χθόνα
601 2188 701 2229 δῖαν
733 2187 963 2242 ἐπέρχεται,
992 2185 1072 2242 ἠδ
1102 2185 1185 2230 ὅσα
1214 2185 1392 2236 πόντον,

191 2238 253 2285 ’δ’
284 2240 366 2284 ὅσα
395 2245 640 2294 πωτῶνται,
669 2241 772 2286 τάδε
802 2245 1010 2315 φέρβεται
1037 2243 1085 2287 ἐκ
1114 2244 1242 2286 σέθεν
1272 2241 1424 2298 ὄλβου.

121 2301 147 2345 5
176 2314 223 2342 εκ
252 2297 325 2342 σέο
355 2295 400 2342 δ’
431 2298 632 2350 εὔπαιδές
659 2315 716 2348 τε,
745 2300 819 2343 καὶ
847 2301 1061 2355 εὔκαρποι
1089 2300 1329 2351 τελέθουσι,

173 2353 355 2397 πότνια·
385 2358 463 2398 σεῦ
493 2354 539 2398 δ’
566 2355 702 2412 ἔχεται
731 2357 891 2401 δοῦναι
920 2360 1035 2413 βίον,
1060 2355 1141 2427 ἠδ’
1170 2354 1424 2425 ἀφελέσθαι,

174 2415 353 2480 θνητοῖς
380 2410 698 2466 ανθρώποισιν.
731 2411 754 2456 ὁ
788 2412 832 2457 δ’
861 2412 1025 2470 ὄλβιος,
1056 2412 1110 2456 ὅν
1141 2428 1190 2456 κε
1221 2412 1276 2455 συ
1306 2414 1440 2470 θυμω

177 2466 396 2522 πρόφρων
423 2468 721 2540 τιμήσεις·τῷ
749 2469 793 2513 τ’
822 2469 1004 2542 ἄφθονα
1031 2469 1174 2514 πάντα
1202 2470 1396 2524 παρεστι.

179 2524 325 2580 βρίθει
350 2523 429 2580 μέν
462 2536 570 2582 σφιν
599 2515 772 2583 ἄρουρα
800 2528 1046 2585 φερέσβιος,
1074 2524 1150 2583 ἠδὲ
1177 2525 1278 2570 κατ’
1308 2523 1473 2582 ἀγρούς

18 2647 176 2693 Hymn.
192 2650 237 2684 A.
259 2647 360 2683 Vera.
383 2649 418 2684 3.
433 2647 500 2684 fuit
520 2661 595 2685 cum
617 2649 810 2696 ponendum
855 2651 1010 2698 quisquis
1025 2650 1102 2693 fuit,
1123 2650 1179 2686 vel
1198 2662 1239 2686 eo
1253 2649 1426 2686 recentior
1444 2659 1519 2684 esse
1536 2649 1654 2694 argui-

9 2694 221 2729 arbitrarer:
252 2691 363 2739 εδρην
385 2693 510 2730 ἀίδιον
543 2695 590 2732 ε’λ.
620 2697 809 2744 πρεσβηῖδ’
855 2703 931 2740 tur,
963 2699 1056 2743 quod
1078 2697 1242 2732 metricae
1278 2696 1364 2731 artis
1393 2695 1502 2730 minus
1524 2697 1656 2739 peritus

11 2739 172 2786 ἑτοίμην,
189 2741 304 2776 sedem
320 2742 548 2776 venerabilem
561 2755 692 2788 semper
704 2755 810 2788 para-
853 2744 1040 2779 identidem
1057 2743 1164 2778 infert
1185 2743 1354 2777 bucolicus
1370 2740 1480 2774 dictos
1496 2741 1656 2776 hexame-

9 2791 82 2822 tum
95 2792 206 2822 uncta
215 2799 262 2822 es.
271 2788 382 2823 —11.
401 2787 507 2832 vulgo
513 2794 599 2843 post
617 2791 649 2824 8.
670 2790 809 2834 legitur.
854 2795 940 2833 tros,
959 2802 1045 2836 quos
1055 2789 1304 2842 frequentiores
1313 2786 1525 2822 concedimus
1536 2787 1655 2823 Theo-

12 2833 162 2868 corroxit.
185 2832 369 2869 Martinus.
392 2854 439 2861 —
469 2833 561 2881 νόῳ
592 2835 668 2871 καὶ
698 2837 809 2883 ἥβῃ,
855 2837 964 2880 crito,
986 2842 1148 2881 tanquam
1174 2834 1330 2880 proprios
1352 2833 1403 2868 illi
1425 2832 1564 2879 generi,
1587 2845 1656 2870 non

9 2889 87 2914 m
107 2881 292 2924 prudentia
316 2884 351 2915 et
373 2881 514 2922 virtute,
543 2892 603 2916 seu
626 2882 761 2917 robore.
855 2882 938 2919 item
953 2862 1080 2929 ’Epiciz
1101 2881 1243 2918 severis.

56 2925 180 2970 Hymn.
189 2929 262 2966 Aa.
282 2925 438 2972 Hymni
428 2937 464 2962 m
485 2927 637 2964 Terram
649 2928 815 2976 scriptor,

1277 2969 1378 3017 23*
1438 2956 1439 2963 ’

1290 3152 1309 3159 Α
