1821 3288
86 107 171 148 186

727 107 1127 152 ΟΜΗΡΟΥ

254 216 313 265 ὡς
343 213 430 267 ἄρα
459 215 530 258 τοὶ
557 219 813 272 μνηστῆρας
844 217 1130 273 ἐπεσσύμενοι
1158 217 1268 262 κατα
1299 219 1424 290 δῶμα

254 271 421 315 τύπτον
449 272 788 331 ἐπιστροφάδην.

846 278 936 317 τῶν
966 276 1013 318 δὲ
1042 274 1198 326 στόνος
1226 274 1393 347 ὄρνυτ’
1427 273 1601 332 αεικὴς,

254 327 429 384 κράτων
455 332 761 386 τυπτομένων
792 329 986 374 δάπεδον
1016 331 1059 376 6’
1094 331 1213 383 ἅπαν
1242 334 1409 389 αἵματι
1406 337 1517 377 θῦε.

474 430 609 466 Leodes
633 443 741 477 augur
764 427 884 478 Ulyssi
906 433 1099 479 ευρρῐίοαὶ,
1123 434 1186 469 sed
1209 435 1350 485 frustra.⁴

142 503 224 543 310

319 498 537 572 Λειωδης
568 497 611 542 δ’
645 497 858 571 Ὀδυσῆος
885 500 1177 556 ἐπεσσύμενος
1207 502 1314 571 λάβε
1339 502 1539 558 γούνων,

254 555 329 599 καί
356 573 432 610 μιν
462 555 717 610 λισσόμενος
746 556 850 600 ἔπεα
879 558 1114 612 πτερόεντα
1143 558 1394 631 προσηύδαθ

332 643 358 663 ,,
373 614 632 666 Γουνοῦμαί
656 611 699 654 σ’
704 644 715 663 ,
742 610 944 657 ἰλΟδυσε

977 614 1031 657 σύ
1051 615 1098 658 δέ
1118 614 1164 670 μ’
1198 618 1331 684 αἴδεο,
1360 617 1434 659 καί
1457 616 1507 672 μ’
1539 616 1739 673 ἐλέησον·

255 665 309 710 ού
340 668 423 722 γάρ
454 667 520 711 πώ
552 667 648 711 τινά
681 685 792 724 φημι
821 675 1046 725 γυναικῶν
1077 672 1123 715 ἐν
1153 673 1407 726 μεγάροισιν

253 727 411 774 εἰπεῖν,
445 723 546 767 οὐδέ
575 742 617 768 τι
647 725 784 780 ῥέξαι,
815 727 1094 777 ἀτάσ--θαλον
1119 727 1229 772 ἀλλὰ
1260 729 1335 771 καὶ
1359 727 1519 783 ἄλλους

141 784 224 825 315
255 780 479 824 παύεσκον
509 787 780 849 μνηστῆρας,
811 784 900 835 ὅτις
928 784 1109 828 τοιαῦτά
1141 802 1189 840 γε
1219 785 1347 853 ῥέζοι

253 836 363 880 ἀλλά
392 854 475 908 μοι
501 837 555 880 ού
584 839 791 884 πείθοντο
821 845 969 884 κακῶν
999 841 1086 884 α’πο
1117 847 1262 913 χεῖρας
1292 841 1487 896 ἔχεσθαιτ

252 898 312 963 τῷ
344 895 418 937 καὶ
431 892 765 965 ατασθαλίῃσιν
796 897 939 941 ἀεικέα
968 898 1138 954 πότμον
1178 899 1377 941 ἐπέσπον.

253 939 394 1004 αὐτὰρ
426 951 509 1007 ἐγὼ
539 953 642 1006 μετὰ
673 959 784 997 τοῖσι
814 955 1060 1006 θυοσκόος,
1095 955 1225 998 οὐδὲν
1257 953 1444 1010 έοργως,

250 1010 472 1062 κείσομαι,
505 1007 563 1059 ὠς
593 1008 677 1052 οὐκ
708 1010 795 1054 ἔστι
823 1012 945 1067 χάρις
974 1011 1206 1067 μετόπισθ’
1239 1011 1494 1084 εύερφκέωω*

138 1068 222 1109 320

343 1064 432 1107 Τὸν
465 1064 508 1107 δ’
540 1064 616 1119 ἄρ’
644 1066 819 1120 ὑπόδρα
850 1069 958 1112 ἰδων
986 1069 1187 1124 προσέφη
1215 1067 1454 1129 πολύμητις
1473 1064 1737 1118 Ὀδυσσεύς·

252 1122 326 1173 „el
359 1137 438 1176 μεν
468 1120 522 1176 δὴ
553 1122 658 1176 μετὰ
687 1129 807 1194 τοῖσι9
828 1125 1052 1175 θυοσκόος
1086 1125 1229 1180 εὔχεαι
1260 1129 1397 1175 εἰναι,

251 1178 440 1248 πολλάκι
469 1186 556 1220 που
588 1179 752 1232 μέλλεις
784 1180 996 1237 ἀρήμεναι
1027 1181 1073 1224 ἐν
1109 1182 1358 1251 μεγαροισι,

251 1237 398 1304 τηλοῦ
416 1234 512 1286 ἐμοὶ
542 1234 720 1279 νόστοιο
751 1238 873 1288 τέλος
902 1242 1133 1307 γλυκεροῖο
1165 1237 1395 1292 γενέσθαι,

253 1291 323 1334 σοὶ
353 1289 398 1333 6'
426 1290 587 1345 α’λοχόν
617 1308 662 1335 τε
693 1295 827 1349 φίλην
861 1293 1080 1343 σπέσθαι,
1102 1295 1175 1337 καὶ
1206 1294 1336 1337 τέκνα
1364 1293 1587 1336 τεκέσθαι·

138 1349 220 1392 325
251 1351 327 1418 τῷ
344 1346 426 1390 οὐκ
458 1346 513 1389 ἂν
542 1348 739 1393 θάνατόν
768 1367 816 1406 γε
848 1346 1085 1406 δυσηλεγέα
1115 1349 1477 1406 προφύγοισθα.“

316 1402 411 1459 “ῼς
442 1403 528 1459 ἀρα
558 1404 765 1471 φωνήσας
796 1408 929 1473 ξίφος
952 1409 1088 1460 εἵλετο
1118 1408 1228 1464 χειρὶ
1256 1409 1411 1464 παχείῃ

82 1538 184 1580 ἑντὸς
208 1537 357 1584 α’ρκύῶν
378 1537 550 1580 πεσόντες
572 1537 753 1584 πάσχουσι
770 1543 817 1578 τοὶ
842 1543 894 1578 εἰ-

81 1584 184 1629 κότα.
250 1591 371 1632 specta
418 1587 683 1631 perversitatem
738 1589 892 1631 hominis,

82 1632 281 1673 contraria,
306 1644 345 1666 ac
370 1643 459 1676 quae
485 1632 588 1673 dicit,
615 1633 760 1667 Homero
786 1635 891 1668 affin-

80 1678 211 1723 gentis!
247 1690 322 1711 nam
354 1689 436 1711 aves
471 1682 593 1723 putat,
628 1679 705 1712 dum
739 1680 891 1713 vultures

81 1730 283 1769 conspectos
314 1723 473 1767 fugiunt,
509 1723 545 1756 in
577 1735 692 1756 casses
723 1726 889 1769 incidere,

81 1771 206 1810 credo,
229 1770 259 1802 si
283 1769 349 1802 diis
375 1769 511 1814 placet,
547 1781 614 1802 una
639 1781 714 1803 cum
739 1772 889 1805 vulturi—

80 1816 143 1850 bus
167 1815 352 1856 insecutis,
388 1815 510 1860 itaque
545 1826 627 1848 sane
652 1817 781 1860 praeda
805 1829 892 1868 gau-

82 1863 164 1896 dere
192 1873 361 1906 aucupes,
395 1873 481 1905 quos
506 1872 686 1906 perperam
711 1863 817 1896 dicit
820 1877 891 1898 πα-

82 1907 330 1963 ρατυχόντας
363 1907 460 1951 quasi
484 1917 566 1948 e03‚
601 1908 660 1952 qui
684 1910 794 1952 sorte,
828 1922 892 1943 nec

82 1954 244 1993 οόη5ἰΙίο,
267 1953 392 1989 ads3nt.
442 1958 478 1986 at
510 1954 679 1987 Homerus
703 1966 785 1989 aves
810 1967 892 1989 con-

82 2001 210 2045 spectis
232 2000 397 2038 cassibus,
421 1998 456 2032 in
487 2011 606 2043 campo
632 2000 774 2044 positis,
809 2013 892 2036 avo-

81 2047 190 2080 lantes
222 2057 242 2079 a
272 2045 469 2078 vulturibus
501 2045 630 2090 corripi
671 2058 713 2081 ac
744 2047 891 2081 lacerari

81 2093 188 2134 facit,
224 2092 357 2125 nemine
383 2102 480 2134 opem
505 2091 658 2134 ferente,
693 2103 755 2126 nec
786 2094 891 2136 fugae

82 2139 164 2172 data
185 2137 297 2182 copia.
347 2136 430 2180 quid
465 2135 518 2169 hic
549 2144 622 2178 cst,
658 2150 724 2182 quo
750 2140 891 2183 gaude-

82 2192 141 2219 ant.
168 2182 346 2227 aucupes?
372 2184 459 2215 hanc
483 2182 633 2225 Scyllam
657 2183 815 2218 Dacieria
841 2185 892 2218 si-

82 2236 158 2263 tans
182 2230 216 2263 in
245 2228 448 2272 Charybdin
480 2227 622 2268 incidit,
656 2229 787 2264 cicures
823 2231 889 2265 fin-

81 2287 167 2321 gens
191 2275 368 2316 vultures,
399 2276 443 2308 ab
467 2274 658 2308 hominibus
682 2276 822 2311 emissos
846 2276 889 2310 ad

81 2322 272 2366 captandas
298 2332 379 2354 aves
406 2320 576 2363 minores,
612 2321 789 2367 incognito
813 2323 889 2368 qui-

81 2368 157 2402 dom
198 2367 378 2401 veteribus
425 2378 552 2410 genere
593 2368 781 2402 venationis
828 2370 890 2412 (ne

81 2414 239 2449 vultures
278 2424 355 2446 cum
396 2413 586 2445 falconibus
619 2414 804 2458 permixtos
838 2415 890 2448 ‹li-

82 2460 186 2502 cam),
224 2470 290 2493 nec
323 2457 455 2492 ratione
493 2458 609 2492 habita
644 2460 827 2494 verborum
852 2460 889 2502 ἐξ

81 2505 197 2549 ὁρέων
222 2502 413 2544 ἐλθόντες,
440 2505 473 2536 h.
499 2517 531 2538 e.
549 2506 621 2546 feri
646 2507 819 2545 vultur-053
854 2507 890 2541 ἱ(1

81 2551 172 2596 quod
197 2550 444 2584 animadvertit
468 2550 519 2583 Cl.
553 2551 740 2588 Montbelst
763 2553 892 2593 „Mde.

81 2598 208 2632 Dacier
234 2597 324 2633 croit
349 2595 404 2640 qu’
430 2596 579 2629 Homere
614 2608 633 2629 a
664 2577 890 2642 vou1u”pein—

83 2644 145 2677 dre
169 2642 213 2675 ici
237 2643 272 2681 13
295 2642 414 2677 chasse
438 2653 480 2674 au
505 2642 573 2683 vol,
595 2646 629 2675 et
650 2654 665 2675 5
668 2642 802 2683 'etunne
826 2657 891 2687 que

83 2700 255 2734 personne
278 2699 321 2721 ne
345 2687 418 2721 l’ait
452 2689 643 2731 remarque.
693 2690 802 2722 Peut-
816 2693 891 2724 etre

83 2734 332 2770 s'etonnerait-
343 2745 386 2766 on
412 2745 432 2766 3
466 2734 539 2777 plus
559 2734 652 2776 juste
675 2734 760 2768 titre
784 2735 826 2768 de
851 2748 891 2770 ce

84 2792 129 2825 qu
131 2780 209 2813 'elle
231 2791 254 2814 3.
277 2791 324 2812 vu
349 2779 379 2812 si
404 2779 601 2813 clairement
635 2791 675 2813 ce
711 2780 767 2824 qu'
790 2782 889 2815 Hom.

84 2838 127 2859 ne
151 2826 203 2858 dit
227 2825 366 2869 p·o3nt.“
415 2825 512 2857 mitto
552 2825 657 2868 aiios,
692 2837 756 2860 nec
787 2827 890 2861 miror

84 2871 256 2907 titubasse
281 2870 373 2903 viros
396 2870 536 2911 doctos,
561 2882 634 2904 cum
659 2878 822 2916 corrupta
840 2874 893 2907 in-

85 2922 378 2969 terpretasentur.
428 2927 589 2961 ponamus
620 2916 675 2959 id,
714 2919 803 2961 quod
837 2931 893 2953 ree

883 2963 893 2979 5

85 2964 213 3003 latrat,
242 2971 286 2996 ut
309 2961 359 2994 ait
385 2961 582 2996 Lucretius:
614 2964 767 3007 χηροῦσι
792 2963 831 2999 δέ
856 2979 876 3000 τ

939 1547 1096 1586 captura.
1144 1541 1326 1597 usurpavit
1350 1542 1407 1575 hic
1430 1544 1546 1575 noster
1561 1540 1667 1574 verba
1679 1552 1745 1584 χη-

939 1589 1030 1632 ροῦν
1065 1593 1100 1622 et
1132 1587 1318 1643 χηρεύειν,
1362 1599 1434 1620 cum
1476 1587 1640 1640 proprie,
1674 1592 1744 1620 tum

937 1637 1212 1690 μεταφορικῶςε
1253 1645 1286 1668 v.
1317 1633 1360 1667 ll.
1388 1632 1426 1675 ε’,
1466 1633 1552 1671 642,
1597 1645 1642 1676 ρ,
1684 1631 1743 1666 36.

940 1681 1076 1735 Odyss.
1095 1679 1156 1737 ι’,
1205 1681 1271 1714 123
1322 1680 1366 1714 de
1407 1686 1503 1712 terra
1539 1678 1745 1722 Cyclopum:

938 1723 1018 1761 ἀλλ’
1042 1722 1106 1770 ἥγ’
1134 1725 1322 1769 ἄσπαρτος
1345 1744 1390 1750 -
1410 1723 1566 1768 Ἀνδρῶν
1585 1723 1743 1768 χηρεύει,

936 1773 1019 1806 viris
1042 1778 1148 1808 caret.
1194 1773 1349 1816 χηροῦσι
1369 1770 1457 1804 ᾶὶκὶι
1480 1782 1544 1815 pro
1565 1769 1742 1816 χηρόονσι

936 1830 998 1863 per
1022 1818 1303 1858 contractionem,
1329 1821 1365 1850 ut
1389 1818 1555 1863 διδοῦσι,
1578 1817 1735 1861 γουνοῦ-

936 1878 1005 1908 μαι
1029 1870 1063 1898 et
1088 1864 1153 1898 alia
1183 1863 1359 1908 ejusmodi.
1409 1869 1590 1908 praeterea
1622 1875 1678 1904 αι,
1703 1874 1732 1905 ε,

939 1924 967 1955 η
987 1909 1187 1956 permisceri
1221 1911 1313 1943 inter
1337 1921 1396 1950 se,
1431 1919 1496 1942 non
1530 1914 1585 1942 est
1615 1910 1740 1943 obscu-
1759 1936 1762 1937 ⁷

938 1968 1023 1991 rum.
1052 1955 1230 2012 Aeschyli
1254 1955 1353 1990 codd.
1376 1954 1507 1998 vulgati
1531 1955 1595 1999 Ag.
1622 1957 1743 1990 1501.

936 2001 987 2046 μὴ
1011 2000 1131 2045 πήσας
1152 2001 1289 2046 μογῇς,
1320 2001 1518 2043 trepidante
1550 2002 1656 2034 choro
1689 2001 1744 2033 in-

937 2053 1138 2092 terpretum.
1161 2047 1222 2080 sed
1248 2047 1327 2081 MS.
1353 2046 1532 2090 Gotting.·
1527 2045 1675 2080 iPindari
1697 2047 1743 2081 ad

938 2095 1042 2138 Pyth.
1057 2095 1100 2128 Ξ.
1127 2096 1287 2126 extrem:
1321 2088 1476 2133 παίσας,
1512 2092 1694 2125 Porsonus
1706 2096 1744 2127 et

938 2139 996 2174 ani
1020 2146 1131 2173 re‘cte:
1157 2141 1326 2178 πταίσας.
1375 2135 1489 2192 ἄγρης
1514 2138 1674 2192 praebuit
1697 2140 1740 2172 Α.

937 2187 996 2229 3.,
1025 2186 1069 2218 de
1094 2196 1158 2228 quo
1185 2197 1217 2220 v.
1231 2185 1295 2227 ,51
1320 2184 1408 2218 tanti
1433 2189 1505 2225 est,
1529 2183 1569 2217 ss.
1569 2181 1638 2231 ρ’,
1660 2185 1740 2220 368.

938 2236 973 2268 et
985 2211 1048 2272 φ’,
1076 2233 1153 2265 177.

982 2279 1069 2315 308
1104 2278 1136 2311 9.
1185 2273 1563 2331 ἐπιστροφάδην.
1611 2273 1738 2311 ἄλλοτε

937 2324 988 2365 εἰς
1012 2322 1123 2357 ἄλλον
1148 2320 1465 2366 ἐπιστρεφόμενος.
1513 2321 1554 2354 ΙΙ.
1578 2318 1623 2362 κ’,
1654 2321 1737 2357 483.

935 2389 981 2395 -
1006 2369 1178 2408 στόνος
1203 2367 1342 2412 (ἱεικη
1355 2380 1383 2408 ς,
1401 2368 1550 2412 gemtus
1565 2367 1737 2409 zndecens,

935 2416 968 2449 h.
994 2428 1022 2449 e.
1047 2415 1261 2456 immodicus,
1287 2426 1346 2448 seu
1371 2413 1502 2455 foedus.
1542 2413 1577 2445 11.
1604 2413 1656 2457 φ’,
1678 2415 1737 2450 20.

935 2481 981 2488 -
1006 2460 1222 2495 δάπεδον
1246 2480 1290 2486 -
1314 2462 1415 2494 &va
1457 2458 1500 2497 λ’,
1526 2459 1606 2495 419.

982 2508 1059 2543 312.
1107 2507 1251 2541 sommia
1282 2506 1548 2561 supplicantium
1579 2516 1642 2551 pro
1674 2516 1736 2540 53-

936 2553 1018 2587 lute.
1056 2554 1099 2587 cf.
1124 2552 1214 2596 344,
1239 2552 1277 2585 ΙΙ.
1306 2551 1358 2594 φ’,
1383 2553 1438 2585 71.

982 2601 1104 2635 317—
1115 2601 1194 2634 325.
1240 2596 1426 2640 πότμον
1451 2594 1667 2632 ἐπέσπον.
1689 2609 1734 2639 γ,

939 2644 1096 2686 16,134
1120 2650 1184 2679 etc.
1209 2664 1254 2669 —
1288 2640 1548 2682 θυοσκόος.
1581 2656 1631 2686 φ,
1658 2643 1736 2677 145.

937 2704 1060 2731 -ως
1085 2709 1128 2715 -
1153 2688 1405 2734 εὐεργέων.
1446 2689 1492 2723 cf.
1519 2687 1563 2732 6',
1588 2689 1734 2724 695.—

937 2735 1132 2772 νόστοιο
1167 2735 1319 2777 τέλος,
1353 2735 1499 2771 νόστον.
1547 2747 1583 2769 v.
1606 2733 1734 2776 v',74‚

937 2783 978 2816 11.
1009 2783 1053 2831 γ’,
1087 2785 1167 2818 309.
1202 2801 1246 2806 —
1281 2783 1381 2816 Sch.·
1425 2778 1636 2818 σπέσθαι
1667 2778 1734 2823 (δ’,

935 2829 1012 2870 38).
1046 2826 1312 2872 οἷκολουθῆσαι.
1339 2848 1382 2853 -
1406 2826 1626 2862 ἐπισπέσθαι
1649 2825 1737 2869 legi-

935 2879 994 2908 tur
1025 2873 1063 2908 11.
1089 2873 1131 2918 ξ’,
1164 2875 1243 2909 521.
1275 2873 1488 2930 comparavit
1521 2872 1551 2905 E
1583 2870 1739 2916 σχέσθαι

938 2918 984 2959 δ’,
1008 2919 1096 2963 422,
1128 2919 1288 2956 πτέσθαι
1317 2920 1410 2975 apud
1441 2918 1549 2962 Soph.
1579 2917 1668 2953 Oed.
1691 2917 1737 2952 R.

942 2967 995 3002 17.
1028 2973 1063 3000 et
1095 2966 1230 3002 similia.
1263 2985 1308 2993 —
1347 2964 1563 3003 θάνατον
1604 2965 1737 3009 δυση-

88 3006 217 3053 οἱνέρες
257 3005 391 3052 ἄγρης,
445 3012 479 3041 ee
517 3009 705 3044 viduantur
744 3010 896 3046 homines
943 3010 1088 3058 leys'oc.
1128 3014 1168 3048 11.
1192 3011 1239 3055 ν’,
1266 3012 1343 3049 154.
