1821 3288
522 85 1106 128 ΟΔΤΣΣΕΙΑΣ
1170 89 1233 131 Ω.

1625 95 1706 136 221

211 213 274 241 ων
302 196 451 268 ἐθέλῃ,
483 210 589 245 τους
619 193 660 238 δ’
691 190 795 239 αὖτε
824 195 896 238 καὶ
924 192 1185 264 ὑπνώοντας
1213 194 1394 253 ἐγείρει·

159 257 186 299 5
216 271 267 323 τῃ
298 253 342 308 ῥ’
372 253 448 306 ἄγε
477 252 670 307 κινήσας,
698 252 768 294 ταὶ
797 252 844 294 δὲ
873 253 1097 306 τρίζουσαι
1130 251 1302 295 ἕ.ποντο

211 326 272 366 ως
303 307 347 353 6'
380 309 450 352 ὅτε
478 309 726 378 νυκτερίδες
736 311 897 378 μυχῷ
911 307 1075 377 ἄντρου
1105 311 1357 353 θεσπεσίοιο

209 368 431 422 τρίζουσαι
457 364 703 420 ποτέονται,
730 364 820 409 ἐπεί

39 524 172 559 Delum
183 526 283 582 272.)
315 526 476 562 σταδίων
506 525 613 562 ἐννέα
640 523 846 582 Ὀλυμπια-

0 571 2 616 l
38 573 115 606 κῶν
145 570 249 614 παρά
287 572 410 613 πόδας
445 571 700 618 ὀγδοήκοντα,
740 571 845 608 καθά

0 629 1 639 ¹
39 628 156 675 φασιν
189 619 348 674 ἱστορεῖν
377 619 663 663 Ἀπολλόδωρον,
707 617 844 663 ὀνομα-

0 668 2 700 l
39 663 132 700 σθὲν
175 661 248 699 ἀπὸ
272 667 491 723 Κυλλήνης,
532 664 695 711 ἡρωῖδος
729 664 844 707 τινός.

35 709 253 756 περιαδεται
279 710 318 747 δὲ
344 711 597 768 διαφερόντως
620 719 658 748 εν
678 716 756 752 τοῖς
778 725 842 747 πε-

35 758 75 801 ρὶ
97 758 140 792 τό
164 758 336 793 τοιοῦτον
361 756 447 801 ὅρος
470 761 654 801 τιμᾶσθαι
680 758 744 792 τὸν
759 755 841 800 “-Ερ

35 804 123 847 μῆν.
150 803 243 846 (alio
269 805 445 860 pertinere
467 806 591 839 dicitur
615 803 676 838 0ιί
703 805 843 848 epithe-

36 853 98 883 ton
124 849 326 894 Κυλλήνιος
350 852 387 886 ll.
415 850 457 891 ο’,
483 853 582 895 518.)
605 869 650 876 -
675 849 841 891 ἐξεκα-

36 898 166 930 λεῖτο
193 897 362 936 (nonnulli
381 898 469 941 apud
488 897 559 930 CL·
586 894 840 938 ἕξεκιίλεσσεν.)

34 941 222 977 τουτέστιν
247 943 314 985 εξω
339 945 406 977 τοῦ
430 942 599 986 δώματος
624 941 743 985 ἔφερε,
768 943 839 987 (ἳ)

31 986 324 1041 προνοούμενος,
348 988 451 1031 φασὶ,
475 1002 520 1023 τα
536 987 754 1029 Ὀδυσσέως,
780 988 842 1024 οἷα

33 1031 218 1079 πρόγονος
236 1033 389 1076 ἐκείνου,
411 1035 512 1078 εἴπερ
528 1031 665 1076 Ερμοῦ
686 1033 752 1077 μὲν
768 1033 841 1079 Ἀρ-

16 1082 178 1120 ’κείσιος,
204 1081 278 1122 (alii
303 1080 419 1113 aliter.
445 1093 477 1114 v.
502 1082 532 1114 H
536 1081 628 1133 ygin.
645 1082 715 1114 sab.
748 1083 839 1122 189„

31 1125 330 1167 Ovid.Met.13,
358 1127 422 1161 145
446 1095 550 1170 etc)j
554 1126 673 1161 αὐτοῦ
697 1125 738 1161 δὲ
761 1131 838 1162 Λα-

28 1170 137 1215 ε’ρτης
161 1169 180 1207 6
205 1173 274 1207 τοῦ
296 1170 501 1213 Ὀδυσσέως
523 1172 667 1218 πατὴρ,
699 1187 730 1207 κ.
755 1175 837 1208 ’δια-

26 1231 140 1253 τουτο
170 1217 236 1257 τοὶς
262 1219 544 1263 φιλοσωμάτους
577 1220 698 1264 ψυχάς
732 1218 837 1263 ἐκφέ-

6 1269 7 1272 ’
27 1277 117 1308 ρων,
143 1263 193 1320 (ἱ)
203 1264 260 1297 vix
284 1266 361 1298 fieri
376 1271 499 1309 potest,
525 1270 562 1299 ut
584 1267 635 1301 ita
660 1266 834 1310 explicue-

26 1310 77 1344 rit
99 1310 132 1344 E
156 1308 198 1344 τὸ
225 1311 446 1356 ἐξεκαὶεῖτο,
483 1312 542 1345 sed
568 1311 757 1355 ἔξεκελεῐτο
791 1313 833 1346 ab

26 1355 183 1391 ἐκκελεῖν
205 1357 261 1390 vel
294 1358 452 1401 quiddam
484 1358 594 1392 simile
624 1358 749 1403 legisse
781 1360 834 1392 vi-

27 1403 134 1436 detur
165 1403 201 1435 in
233 1403 302 1436 suis
333 1404 439 1437 libris.
464 1415 498 1437 v.
524 1405 627 1437 Schn.
651 1416 685 1437 v.
712 1404 832 1438 κέλλω.

26 1449 188 1482 adstruas
222 1449 309 1482 hanc
339 1450 567 1493 conjecturam
602 1450 834 1493 συνωνύμοις

25 1494 106 1528 istis
138 1493 202 1538 ἄγε
226 1495 377 1541 κινήσας
401 1506 520 1531 versu
537 1495 609 1538 5.)
631 1510 661 1532 κ.
696 1497 762 1541 τῆς
793 1495 832 1538 ἐξ

17 1538 176 1576 ’ἐκείνων
207 1538 366 1591 μήνιδος
397 1540 631 1584 ἐκκαθαίρων
663 1542 728 1578 τὸν
763 1544 832 1578 τοῦ

25 1584 217 1643 ἀπογόνου
250 1591 365 1622 οἰκον.
398 1608 443 1612 -
475 1589 596 1624 ἰστέον
625 1587 685 1630 δε,
720 1603 769 1629 ως
793 1589 831 1625 ἐκ

21 1632 93 1668 τοῦ
114 1629 282 1688 Ερμῆς
319 1633 366 1669 δὲ
400 1641 442 1677 ψ.
478 1632 592 1676 ε’ξεκ.
624 1636 692 1670 τόν
714 1643 832 1679 ψυχο-

22 1677 174 1729 πομπὸν
191 1680 425 1721 συντιθέντες
447 1680 542 1722 τινὲς
566 1680 740 1716 ἐπίθετον
765 1680 832 1716 αύ-

21 1725 66 1762 τό
88 1723 196 1761 εἶπον
216 1723 366 1770 Ἑρμοῦ
373 1730 443 1762 dm.
467 1746 507 1751 ——
525 1726 611 1770 ἔχε
636 1746 679 1752 -
705 1726 831 1772 ἐγεί-

22 1784 109 1814 ρει.
150 1773 198 1805 cf.
229 1771 272 1811 ε’,
306 1775 371 1815 47,
404 1770 465 1813 π’,
500 1774 576 1807 172.
610 1792 654 1798 -—
685 1771 831 1818 ἐθέλῃ

22 1817 104 1852 MS.
117 1817 239 1852 Thom.
256 1818 414 1862 Bentleji.
430 1818 552 1862 vulgo·
578 1817 707 1854 ἐθέλει.
731 1833 764 1855 v.
788 1819 831 1863 τ’,

21 1865 105 1921 829.
139 1863 228 1897 idem
262 1866 369 1898 codex
405 1870 482 1909 post
514 1866 548 1899 4.
583 1866 688 1900 habet
723 1867 829 1901 haec:

19 1909 92 1968 τήν
123 1909 217 1953 μετὰ
245 1911 367 1954 χερσὶν
410 1910 501 1953 ἔχων
532 1910 660 1946 πέτετο
693 1913 831 1955 κρατύς

19 1953 275 2011 Ἀργειφόντης
299 1968 340 1990 ex
360 1953 467 1998 ε’,49.
489 1957 731 1998 „Mercurium
755 1967 828 2001 ψυ-

19 2001 218 2048 χοπομπὸν
243 2003 285 2036 ab
312 2006 404 2046 Aeg)
410 2002 491 2047 ptiis
515 2004 690 2048 accepisse
715 2005 829 2039 Grae-

17 2058 93 2091 σος,
117 2054 233 2082 narrat
256 2048 426 2082 Diodorus
455 2051 493 2089 1,
518 2051 595 2090 96„
632 2052 828 2085 auctoribus

19 2095 271 2139 Aegyptiorum
301 2094 550 2130 sacerdotibus.
585 2076 629 2129 ’ott
658 2097 826 2131 Phurnut.

21 2142 67 2175 de
97 2141 180 2174 Nat.
215 2141 376 2181 deorum,
408 2152 485 2185 cap.
512 2143 566 2175 16.
599 2142 722 2176 Horat.
757 2144 826 2178 Od.

21 2188 56 2229 1,
81 2190 145 2222 10:
172 2186 341 2227 Mercuri,
381 2205 424 2211 —
457 2192 495 2221 tu
517 2188 595 2230 pias
620 2189 723 2223 laetis
747 2190 826 2223 ani-

19 2243 96 2267 mas
127 2234 264 2277 reponis
296 2233 462 2274 Sedibus,
503 2235 673 2278 virgaque
717 2237 826 2269 levem

18 2281 151 2313 cofirccs
182 2280 300 2313 Aurea
341 2280 490 2314 turbam.
533 2280 629 2324 Virg.
669 2282 756 2315 Aen.
789 2281 824 2324 4,

18 2324 120 2360 242.=
155 2329 228 2359 tum
260 2326 400 2370 virgam
433 2326 549 2369 capit3
589 2327 655 2359 hac
687 2328 825 2361 animas

18 2371 79 2404 ille
102 2377 220 2406 evocat
245 2372 330 2405 Orco
351 2371 536 2412 Pallentes,
561 2373 651 2406 alias
673 2374 734 2406 sub
759 2374 823 2407 tri-

18 2417 90 2450 stin
105 2417 256 2450 Tartara
277 2418 407 2457 mittit3
431 2418 502 2451 Dat
524 2429 658 2451 somnos
680 2420 824 2452 adimit-

18 2473 105 2507 que,
131 2464 166 2497 et
188 2463 318 2496 lumina
340 2469 450 2497 morte
472 2465 642 2518 vcsiguat.
653 2467 676 2484 ‘⁶
711 2465 743 2498 E
769 2465 822 2498 Cl.

17 2527 63 2533 —
89 2508 141 2541 Ε·
175 2509 439 2551 τρίζουσαι.
480 2506 537 2545 ὅτι
570 2510 703 2567 φωνήν
738 2523 823 2545 τινα

17 2555 99 2593 ταῖς
130 2555 453 2598 προπεμπομέναις
483 2556 534 2595 εἰς
565 2555 661 2607 ἅδην
683 2561 824 2600 ψυχαῖς

16 2601 94 2636 τῶν
132 2600 349 2657 μνηστήρων
389 2599 559 2655 πλάττων
602 2608 622 2638 ο
664 2604 822 2646 ποιητὴς

16 2647 150 2691 τρίζειν
186 2645 304 2687 αύτας
327 2659 418 2703 φησι
441 2661 536 2683 κατα
562 2662 648 2683 τινα
683 2648 822 2706 ὀνομα-

15 2693 204 2734 τοποιῖαν,
227 2695 278 2740 τῷ
295 2693 408 2739 μύθῳ
433 2692 673 2738 ἆρέσκουσαν,
699 2708 747 2735 ως
772 2700 823 2730 εἱ-

15 2751 79 2776 ναι
100 2738 232 2780 αύταῖς
255 2741 366 2775 τοῦτο
399 2739 462 2775 οἷοὶ
485 2754 567 2775 tnnc
589 2744 822 2785 κλαυθμυρι-

15 2783 119 2828 σμόν.
142 2786 204 2821 ’καὶ
227 2785 279 2831 μὴ
308 2787 491 2827 αι’δισθεὶς
515 2787 555 2822 τό
582 2787 730 2832 πλάσμα
754 2790 820 2843 τῆς

12 2831 189 2877 τοιαύτης
221 2832 519 2875 ονοματοποιΐας
543 2838 687 2877 στερεοῖ
724 2832 817 2870 αὐτὸ

11 2878 74 2912 καὶ
98 2879 162 2914 διὰ
184 2879 410 2924 παραβολῆς.
433 2898 477 2903 ——
500 2878 543 2913 τὸ
569 2879 609 2914 δε
633 2883 818 2924 τρίζειν

11 2923 72 2960 ἐπὶ
111 2925 244 2971 ’ψυχαῖν
285 2926 419 2968 εἰπων,
467 2926 817 2974 κυριολεκτούμενον

848 363 897 410 κέ
925 378 990 417 τις
1017 363 1291 421 ἀποπέσῃσιν

888 521 949 564 ἐπὶ
964 525 1201 582 νυκτερίδων,
1217 522 1513 569 παρεμυθήσατο
1530 521 1598 566 τήν
1615 535 1699 564 τρο-

888 569 963 628 πὴν
988 569 1053 606 διὰ
1078 573 1143 617 τῆς
1164 571 1343 616 ῥηθείσης
1365 570 1486 613 παρᾱβ
1490 572 1602 613 ῦλης
1638 568 1698 603 διο

887 615 1081 653 ἐπλεόνασε
1105 618 1151 663 τῇ
1173 619 1284 660 λέξει,
1312 618 1398 675 τρὶς
1421 629 1489 650 αυτ
1502 627 1546 658 ην
1570 613 1698 649 ἐνταῦ-

886 665 944 697 θα
974 666 1090 699 εἰπών
1122 662 1187 699 ὀια
1216 664 1258 699 τὸ
1290 667 1448 708 καίριον.
1488 661 1614 696 ἰστέον
1646 661 1698 701 δὲ,

889 707 948 743 ότι
981 710 1176 753 τρύζειν
1215 723 1284 754 μεν
1316 710 1381 746 ὃιοὶ
1424 708 1492 744 τοῦ
1531 720 1552 742 v
1583 708 1699 749 ’Ψιλοῦ

887 753 947 789 ἐπὶ
972 758 1180 800 τρυγόνων,
1213 756 1256 792 αἳ
1287 757 1349 792 καὶ
1374 753 1446 792 ἀπό
1471 756 1545 789 τοῦ
1570 753 1698 788 τοιού-

886 813 955 835 του
997 805 1163 846 γίνονται
1203 801 1388 846 ῥηματος,
1427 814 1495 860 τρ
1491 801 1615 842 ἵζειν
1657 797 1698 834 ὸὲ

887 847 1022 890 κυρίως
1054 848 1113 884 ἐπὶ
1144 851 1385 891 νυκτερίδων·
1417 844 1470 883 ὧν
1501 860 1568 881 -και
1599 846 1698 881 ἰδιον

887 894 994 927 δοκεῖ
1017 891 1036 928 6
1059 907 1095 929 π.
1114 894 1229 938 λέγειν
1246 896 1416 941 (minimm
1439 904 1520 929 natu
1545 898 1603 926 et·
1594 903 1697 936 grues

888 939 1045 984 aliaeque
1069 951 1150 974 aves
1174 941 1362 984 migrantes
1385 943 1435 974 ita
1458 920 1616 981 solent?
1629 950 1696 982 quo

887 986 992 1018 tutius
1018 987 1311 1042 proficiscantur.)
1346 978 1385 1021 τό
1410 985 1588 1030 ἀλλήλαις
1612 996 1697 1018 συν-

885 1030 1056 1074 ε’χεσθαι,
1092 1027 1114 1066 ὃ
1146 1032 1208 1066 καὶ
1240 1033 1339 1067 ἴδιον
1373 1030 1566 1076 ὁρμαθοῦ,
1595 1029 1695 1066 κ.τὸ

884 1076 953 1118 τοὶς
981 1078 1242 1118 αποπεσούσας
1282 1074 1432 1132 ᾄνωθεν
1472 1078 1511 1114 ἐκ
1546 1076 1693 1132 πέτρας,

884 1122 952 1167 ἐφ’
980 1126 1021 1166 ἡς
1043 1125 1134 1166 εἰσὶ,
1168 1122 1320 1168 τρισμόν
1344 1122 1559 1165 ἀποτελεῖν,
1583 1119 1624 1163 ὃς
1647 1124 1694 1167 δὴ

883 1169 944 1204 καὶ
967 1168 1029 1205 ἐπὶ
1051 1173 1157 1214 μυῶν
1187 1171 1347 1227 λέγεται·
1382 1168 1520 1215 ὁμοίως
1553 1167 1595 1204 δὲ
1618 1173 1694 1211 τρί-

881 1215 955 1258 ζειν
979 1217 1041 1252 καὶ
1065 1217 1124 1252 ἐπὶ
1132 1217 1298 1275 χιόνος,2
1318 1215 1411 1253 οθεν
1433 1219 1495 1252 καὶ
1517 1228 1612 1260 ,τιων
1636 1229 1693 1251 τε·

880 1267 1038 1306 τριγυῖα.
1062 1263 1182 1298 ἰστέον
1199 1263 1250 1305 δε,
1276 1277 1334 1299 οτι
1359 1276 1396 1298 τε
1419 1261 1594 1308 μυθικως
1610 1266 1693 1303 ταῖς

880 1313 1017 1366 ψυχαῖς
1058 1307 1236 1355 ἐπελέχθη
1267 1308 1434 1365 τρισμὸς,
1481 1323 1547 1346 οια
1576 1307 1692 1353 λόγου

875 1354 943 1399 μὲν
966 1352 1158 1410 ἐνάρθρου
1194 1356 1470 1413 ἐστερημέναις,
1506 1352 1626 1396 ἄλλως
1650 1357 1691 1391 δὲ

876 1400 1148 1456 θορυβούσαις,
1179 1402 1242 1437 καὶ
1265 1402 1322 1437 ὅτι
1347 1416 1413 1443 τας
1437 1404 1488 1443 εἰς
1511 1400 1692 1445 νύκτερον

875 1446 993 1482 τόπον
1018 1445 1203 1489 απιούσας
1225 1451 1427 1493 προσφυῶς
1452 1447 1470 1484 6
1495 1449 1690 1493 ποιητικὸς

876 1493 987 1537 λῆρος
1011 1494 1159 1537 (dictum
1175 1496 1241 1529 hoc
1267 1496 1310 1528 ad
1328 1495 1581 1529 similitudinem
1600 1508 1689 1538 τρα-

875 1541 981 1583 γικοῦ
1014 1540 1152 1584 λήρου,
1187 1553 1287 1585 quem
1321 1542 1490 1585 Aeschylo
1525 1541 1688 1576 attribuit

877 1587 1052 1630 Aristoph.
1074 1587 1159 1621 Rau
1179 1589 1278 1630 94ηὲ)
1303 1598 1488 1629 νυκτερισι
1512 1589 1689 1643 παραβα-

877 1635 971 1672 λεῖν,
1004 1632 1067 1666 καὶ
1091 1630 1150 1667 ὁτι
1172 1632 1214 1668 τό
1241 1632 1306 1677 τῆς
1330 1636 1550 1691 νυκτερίδος
1575 1632 1687 1678 ἄγρυ-

879 1691 974 1712 πνον
996 1682 1187 1725 παρασίτῳ
1211 1678 1450 1735 ἐπεσκιόφθη,
1473 1677 1689 1724 ἐγρηγορότι

875 1725 1087 1765 κολακικοῖς.
1123 1738 1325 1766 παρασιτος
1349 1740 1417 1770 γαρ
1451 1725 1490 1761 ἐν
1513 1732 1593 1767 τοῖς
1616 1728 1685 1762 τοῦ

877 1774 1201 1815 Δειπνοσοφιστοῦ
1227 1772 1364 1807 ἑαυτὸν
1380 1771 1572 1815 σεμνύνων
1594 1772 1687 1810 ἄλλα

877 1817 915 1852 τέ
939 1831 1022 1851 τινα
1046 1819 1202 1862 γλυκέως
1225 1819 1318 1862 λέγει
1340 1819 1436 1873 περὶ
1457 1818 1595 1854 εαυτοῦ
1619 1833 1686 1855 κα-

875 1862 922 1898 τα
947 1865 1120 1907 εἰκασμόν
1143 1863 1301 1907 οἷστεῐον,
1328 1867 1388 1901 καὶ
1414 1864 1488 1902 ότι
1512 1864 1685 1921 ἀναβῇ-

877 1923 958 1944 ναι
989 1909 1110 1952 πρὸς
1140 1909 1397 1954 κλιμάκιον
1423 1913 1684 1954 Καπανεύς

875 1957 993 2011 εἰμι,
1017 1957 1203 2001 υπομετ
1215 1970 1281 1992 ειν
1303 1958 1488 2013 πληγάς
1512 1957 1683 2008 ἄκμων,

873 1999 1002 2046 ὕδωρ
1028 2002 1076 2037 δὲ
1101 2007 1263 2040 πίνειν
1287 2003 1543 2050 βάτραχος,
1569 2012 1681 2042 απο-

873 2051 1045 2084 λαυσαι
1065 2048 1237 2105 θύμων
1258 2052 1479 2095 λαχάνων
1502 2064 1549 2087 τε
1572 2065 1682 2095 κοιμ-

873 2108 956 2140 πη,
989 2095 1114 2137 πρὸς
1141 2097 1190 2133 τὸ
1223 2097 1278 2142 μή
1303 2098 1533 2140 λοῦσθαι,
1566 2098 1682 2143 ἤγουν

872 2140 924 2186 μὴ
958 2140 1161 2186 λούεσθαι,
1201 2143 1371 2187 ρύπος,
1405 2141 1681 2188 υπαίθριος

871 2200 1085 2232 χειμωνα
1111 2188 1308 2234 διαγειν
1332 2189 1565 2246 κόψ,ιχος
1589 2189 1680 2237 ὅπερ

872 2235 947 2293 ἐστὶΙ
968 2235 1176 2279 κόσσυφος,
1209 2240 1388 2281 πνῖγος
1412 2233 1679 2281 υπομεῖναι

871 2294 951 2316 και
975 2283 1284 2338 μεσημβρίας
1308 2287 1472 2318 λαλεῖν
1496 2284 1678 2339 τέττιξ,

871 2327 1019 2373 ἐλαίῳ
1053 2327 1112 2372 μὴ
1151 2329 1361 2385 χρῆσθαι
1398 2328 1677 2374 κονιορτὸς,

871 2362 1184 2419 ἀνυπόδητος
1233 2373 1418 2420 ὄρθρου
1466 2389 1676 2421 περιπα-

869 2423 973 2455 τεῖν
996 2420 1222 2465 γέρανος,
1257 2422 1526 2458 καθεύδειν
1556 2422 1676 2480 μηδὲ

868 2466 1042 2510 μικρὸν
1066 2470 1261 2511 νυκτερί
1274 2482 1301 2510 ς.
1326 2470 1378 2509 εἰς
1394 2469 1506 2504 τοῦτο
1529 2468 1570 2504 δὲ
1586 2468 1677 2526 χρή-

869 2525 977 2555 σιμον
1000 2513 1063 2548 καὶ
1087 2513 1240 2558 λαγωός.
1279 2515 1425 2556 τούτοις
1447 2515 1676 2560 προσθετέον

868 2557 1013 2594 ἐκεῖθεν
1035 2559 1098 2594 καὶ
1121 2559 1162 2596 τὸ
1187 2560 1463 2597 τύπτεσθαι
1488 2561 1676 2619 μύδρος

869 2606 994 2647 εἰμὶ,
1043 2605 1247 2643 τύπτειν
1289 2607 1540 2651 κεραυνός,
1582 2621 1675 2645 τυ·-

869 2653 1027 2709 φλοῦνν
1070 2651 1177 2687 τινὰ
1195 2652 1462 2710 ἀστραπὴ,
1505 2653 1675 2700 φέρειν

867 2696 957 2732 τιν’
984 2695 1154 2742 αραντ’
1179 2695 1375 2744 ἄνεμος,
1401 2699 1674 2745 αποπνῖξαι

867 2742 1061 2799 βρόχος,
1097 2744 1260 2788 θύρας
1291 2746 1545 2790 μοχλεύειν
1569 2759 1673 2784 σει-

866 2789 992 2847 σμὸς,
1016 2792 1427 2849 εἰσπηδᾶνᾶκρὶς,
1453 2795 1674 2832 δειπνεῖν

865 2835 1088 2880 ἀκλήτοις
1138 2842 1274 2881 μυῖα,
1333 2851 1394 2894 μη
1444 2839 1673 2883 ἐξελθεῖν

864 2883 1026 2926 φρέαρ.
1053 2884 1113 2919 καὶ
1137 2882 1235 2919 οὕτω
1251 2897 1317 2927 μεν
1342 2881 1452 2941 ἡδέος
1469 2886 1673 2933 ἄστεισμοῦ

862 2928 885 2976 ἡ
911 2929 1077 2976 νυκτερὶς
1100 2927 1264 2977 ἀφορμή.
1306 2933 1468 2975 senatios
1493 2933 1572 2969 illos
1607 2947 1670 2970 ne-

1293 3060 1310 3071 ,-
