1821 3288
83 102 170 146 2⁰6

716 103 1114 148 ΟΜΗΡΟΥ

144 215 226 260 175
257 212 359 257 οὔτε
388 213 488 283 λίην
516 209 701 284 ἄγαμαι,
730 212 848 283 μάλα
878 210 921 257 δ’
951 206 1003 256 εὖ
1031 211 1134 268 οἷδ’,
1165 212 1261 269 οἶος
1287 215 1446 275 ἔησθα,

253 270 299 322 ἐξ
322 269 492 341 Ἰθάκης
519 270 590 313 ἐπὶ
618 269 727 341 νηὸς
756 269 838 313 ἶων
866 270 1205 341 δολιχηρέτμοιο.

253 325 356 370 ἀλλ’
385 325 462 381 α’γε
493 328 537 370 οἱ
565 326 788 395 στόρεσον
807 325 995 370 πυκινὸν
1023 326 1172 400 λέχος,
1196 327 1470 384 Εὐρύκλεια,

253 383 376 435 ἐντὸς
407 383 646 434 ἐϋσταθέος
672 381 902 437 θαλάμου,
931 382 1012 426 τόν
1040 383 1083 438 ῥ’
1115 384 1250 437 αὐτὸς
1276 386 1430 430 ἐποίει·

253 441 364 484 ἔνθα
394 442 439 484 οἱ
467 441 660 484 ἐκθεῖσαι
687 439 877 482 πυκινὸν
903 439 1027 509 λέχος
1055 440 1252 511 ἐμβάλετ’
1284 442 1445 500 εὐνήν,

143 501 223 543 180
252 496 391 549 κώεα,
420 498 496 541 καὶ
523 497 728 569 χλαίνας,
755 495 828 538 καὶ
859 494 991 551 ῥήγεα
1021 497 1320 566 σιγαλόεντα.“

319 552 403 604 “529
431 552 506 607 ἄρ’
535 553 643 608 ἔφη,
671 550 826 602 πόσιος
852 552 1118 623 πειρωμένη·
1149 554 1291 610 αυτὰρ
1318 553 1555 608 Ὀδυσσευς

253 608 448 666 ὀχθήσας
477 608 638 665 α’λοχον
666 607 969 665 προσεφώνεε,
997 609 1122 654 κέδν’
1155 613 1345 656 εἰδυῖαν·

230 711 398 747 describit
420 711 564 757 Ulysses
587 710 712 746 lectum
736 711 926 756 genialem,
963 723 1063 758 quem
1086 713 1165 759 ipse
1187 713 1265 748 olim
1289 714 1478 749 fabricatus
1501 716 1590 750 erat.

249 836 316 887 τε.
328 776 408 880 ’252²
421 775 969 908 ἔᾶνὲἰλοῖεμέἒὲξῖξῖοζ
983 780 1528 910 ξ’ῗξλεῖξῗαέζεὶεἷεᾬῗ

141 894 221 939 185
251 893 326 936 καὶ
354 891 460 947 μάλ’
492 893 772 964 ἐπισταμένῳ,
804 892 874 936 ὅτε
903 895 962 950 μή
991 894 1096 945 θεὸς
1126 894 1261 947 αὐτὸς
1290 895 1490 940 ἐπελθών

252 950 431 1005 ῥηιδίως
459 949 623 993 ἐθέλων
651 952 750 1020 θείη
781 949 892 1020 ἄλλῃ
919 951 983 994 ἐνὶ
1010 951 1151 1008 χώρῃ·

248 1006 427 1062 ἀνδρων
457 1005 589 1050 δὀὔ
619 1006 695 1050 κέν
723 1023 787 1058 τις
817 1007 921 1059 ζωὸς
951 1008 1132 1063 βροτὸς,
1163 1006 1267 1051 ουδὲ
1297 1005 1401 1063 μαλ’
1429 1005 1567 1065 ἡβῶν,

249 1064 347 1118 ρεῖοι
374 1065 706 1121 μετοχλίσσειεν,
737 1064 827 1108 ἐπεὶ
854 1065 963 1120 μέγα
991 1068 1108 1121 σῆμα
1136 1065 1337 1110 τέτυκται

65 1207 319 1244 *sententiarum
352 1208 535 1254 ejusmodi,
567 1210 603 1243 in
633 1210 755 1256 quibus
779 1222 887 1245 enun-

77 1255 203 1289 ciatum
239 1256 376 1290 causale
408 1257 523 1300 priore
546 1256 623 1290 loco
647 1257 795 1313 positum
820 1261 887 1300 est,

75 1301 173 1335 velut
195 1301 339 1336 inferius
363 1302 443 1344 248,
467 1301 514 1343 α’,
546 1303 628 1343 337,
655 1301 700 1345 κ’,
727 1303 794 1338 174
819 1308 886 1337 etc.

75 1346 127 1381 sic
150 1347 192 1382 11.
216 1346 260 1391 α’,
283 1351 361 1383 180.
385 1353 480 1382 recte
491 1327 628 1406 :steph
655 1355 691 1383 et
715 1350 886 1383 recentio-

74 1404 156 1428 res·
190 1394 247 1434 τίς
273 1393 341 1438 γάρ
365 1406 404 1430 σε
427 1394 528 1429 θεων
562 1394 644 1437 ἐμοὶ
668 1393 820 1439 ἄγγελον
845 1390 886 1440 ἧ-

74 1451 138 1481 aa,
171 1439 232 1474 sed
267 1446 352 1474 vett.
383 1440 461 1474 edd.
495 1445 635 1475 auctore
665 1441 884 1476 Aristarcho·

74 1486 131 1526 τίς
153 1483 193 1520 τ’
220 1499 267 1530 αρ
293 1498 340 1521 σε.
383 1498 418 1522 v.
441 1486 490 1519 ibi
523 1498 601 1520 ann.
626 1490 662 1520 et
685 1487 732 1520 cf.
755 1487 825 1521 264
848 1492 883 1520 et

74 1531 120 1575 ν’,
143 1531 222 1568 417.
245 1552 290 1557 -
325 1533 380 1566 E:
406 1535 751 1587 μεγαλίζεσθαι
774 1531 815 1568 δε
839 1531 880 1567 τὸ

75 1578 319 1621 ἐπαίρεσθαι,
351 1591 401 1618 ως
424 1581 486 1613 καὶ
508 1576 547 1612 ἐν
570 1574 696 1614 Ἰλιάδι
719 1576 783 1623 (κ,
808 1580 883 1620 69),

73 1623 196 1669 μηδὲ
220 1626 468 1669 μεγαλίζεο
500 1625 653 1671 θυμῷ.
701 1637 770 1658 ποη
794 1626 884 1658 em‘m

74 1683 130 1705 me
155 1672 283 1715 effero,
315 1682 381 1704 non
413 1671 562 1716 superbe
595 1683 646 1705 me
679 1682 783 1715 gero,
823 1675 885 1703 aut

74 1728 137 1752 cor
160 1718 282 1751 durum
306 1716 426 1758 habeo,
450 1716 543 1762 quod
563 1720 600 1750 tu
627 1715 689 1750 ais.
707 1737 754 1744 —
778 1713 884 1802 ov'g’

738 1763 799 1796 Am

74 1762 303 1805 ἀθερίζω.
353 1762 401 1796 sic
435 1764 476 1796 A.
504 1765 535 1797 1.
571 1766 606 1796 et
640 1763 698 1805 3,

789 1808 883 1853 quod

74 1814 111 1843 et
144 1809 299 1855 plerique
333 1819 448 1843 omnes
479 1807 571 1842 libri.
630 1808 745 1849 solus,

71 1855 201 1896 sciam,
227 1858 267 1889 A.
288 1857 344 1889 2:
377 1851 463 1891 οὔτ’
499 1852 566 1888 αθ.
576 1878 587 1895 ,
621 1855 711 1899 quod
737 1854 884 1888 admise-

71 1909 155 1936 runt
191 1902 238 1935 W
275 1905 311 1935 et
343 1902 382 1934 Β.
416 1899 649 1955 ἀθερίζω,
692 1906 882 1934 contemno.

71 1947 126 1989 θ’,
149 1948 230 1982 212.
265 1965 310 1972 —
342 1948 394 1981 E:
416 1945 459 1983 τὸ
485 1946 526 1981 δὲ
558 1943 675 1981 ου’ὃε
689 1948 815 2003 λίην
839 1943 882 1981 ἅ·-

42 2029 43 2032 ,
70 2006 222 2051 γαμαι
246 1991 307 2037 (ζ’,
334 1993 420 2036 168)
453 1992 535 2028 α’ντι
558 1993 629 2028 τοῦ
653 1989 775 2028 ουκέτι
799 1993 883 2028 λίαν

69 2039 341 2086 ἐκπλήττομαι,
377 2039 427 2081 ὥς
449 2039 522 2084 ἤδη
547 2037 586 2074 ἐκ
608 2040 683 2073 τῶν
710 2040 884 2084 φθασάν-

71 2100 147 2122 των
181 2084 405 2131 πιστουμένη
436 2085 483 2121 τὰ
512 2099 607 2120 κατα
638 2084 687 2120 σέ.
736 2085 820 2119 nihil
845 2097 881 2119 se

70 2135 186 2168 adhuc
210 2133 354 2166 definire
379 2134 447 2174 ait,
472 2132 563 2166 sitne
580 2131 738 2176 Ulysses,
761 2143 879 2165 necne.

69 2191 179 2224 aegre
200 2179 288 2212 enim
308 2190 346 2213 se
370 2178 568 2225 persuaderi
586 2177 718 2211 fatetur
736 2177 881 2211 inferius

68 2228 154 2261 230.
186 2244 232 2251 -
271 2224 420 2259 ἐπὶ-
451 2225 600 2268 δολιχ.
647 2221 691 2265 τ’,
721 2224 801 2258 339.
834 2242 880 2247 —-

68 2274 157 2328 Apa
192 2268 410 2307 πυκινόν
441 2266 670 2314 λέχος.τὸ
704 2268 880 2312 ἐπιμελῶς

65 2315 289 2363 ἠσκημένον.
344 2314 364 2351 ὁ
401 2314 442 2352 δὲ
472 2316 625 2357 Ἀπίων,
659 2315 723 2351 δια
756 2316 800 2350 τό
841 2315 880 2351 ἐκ

69 2365 217 2399 πολλῶν
251 2364 408 2409 ἱματίων
443 2362 489 2398 τὰ
526 2362 722 2406 στρώματα
756 2363 879 2396 συντί-

70 2413 228 2446 θέσθαι
274 2410 458 2455 exscripsit
482 2410 645 2453 Apionem
670 2409 819 2453 Hesych.
844 2420 878 2443 v.

66 2456 241 2493 πυκινόν.
263 2458 309 2491 cf.
334 2456 414 2489 Sch.
441 2457 484 2490 ad
510 2456 550 2491 Il.
579 2455 615 2498 ι’,
641 2456 721 2491 621.
744 2455 877 2489 ΕειιιΑ

67 2524 117 2531 -
142 2503 216 2539 ἔστι
248 2503 386 2547 λέχος
418 2501 485 2546 μὲν
521 2500 544 2545 ἡ
580 2503 703 2545 κλίνη,
741 2500 878 2559 πυκινὴ

71 2546 197 2593 οὖσα,
221 2550 282 2585 ἵνα
313 2548 437 2593 φέρειν
470 2547 531 2592 ἔχῃ
555 2547 712 2604 στεῤῥῶς
734 2546 781 2582 τοὶ
804 2546 881 2582 ἐπι-

68 2599 233 2655 οξείμενα.
265 2595 310 2639 (.
319 2596 338 2639 )
383 2615 427 2621 -
467 2594 586 2640 εὐνὴ
629 2592 670 2630 δὲ
709 2594 750 2630 τό
784 2593 878 2639 παρ’

70 2642 163 2690 ἡμῖν
188 2643 348 2686 στρῶμα.

121 2691 199 2725 178.
249 2685 400 2727 ἐντός.
442 2685 544 2720 codd.
573 2685 725 2730 vulgati.
756 2684 878 2727 ἕκτόςε

65 2735 134 2772 ted
164 2734 312 2769 absurde
346 2734 520 2778 Euryclea
552 2733 697 2776 jubetur
731 2733 879 2767 thalamo

70 2782 200 2816 efferre
223 2781 346 2815 lectum
382 2779 567 2823 genialem,
600 2790 663 2811 nec
688 2786 879 2833 apparente

68 2838 197 2865 causa..
234 2838 296 2860 cur
320 2827 354 2861 id
379 2827 462 2867 fiat,
499 2829 535 2858 et
559 2822 775 2864 ἀσυστάτοις
799 2836 878 2858 ver-

69 2874 126 2907 bis
151 2852 286 2928 Ulyssis
305 2872 402 2907 184..
427 2872 482 2910 τίς
507 2869 548 2905 δέ
571 2882 635 2912 μοι
660 2869 789 2905 ἄλλοσε
805 2873 860 2915 θῆ
861 2889 878 2895 -

72 2931 113 2955 κε
136 2919 257 2962 λέχοςς
294 2929 368 2952 nam
393 2917 423 2950 si
457 2916 653 2952 efferendus
687 2922 740 2950 est
771 2918 877 2950 lectus

74 2965 245 3006 thalamo,
286 2963 441 3000 nimirum
475 2963 589 3000 adhue
620 2961 670 3000 ibi
693 2962 879 2999 collocatus

932 1214 998 1246 est.
1023 1223 1131 1257 quare
1154 1212 1369 1247 confidenter
1391 1211 1471 1247 dedi
1495 1210 1599 1253 ἕντός
1618 1208 1648 1246 ἒ.
1663 1210 1736 1245 θα-

932 1256 1070 1301 λαμου,
1104 1259 1196 1302 quod
1222 1259 1346 1293 alicubi
1379 1258 1466 1312 legit
1497 1258 1550 1292 Cl.
1581 1268 1645 1302 per
1675 1256 1735 1290 do-

932 1304 999 1337 lum
1034 1304 1207 1358 Penelope
1236 1305 1365 1338 lectum
1396 1305 1433 1338 in
1465 1304 1612 1338 thalamo
1654 1302 1736 1347 ponl

927 1350 1049 1394 jubet,
1081 1351 1181 1395 quasi
1204 1349 1270 1385 alio
1296 1350 1470 1392 ablatum,
1504 1354 1543 1384 ut
1574 1348 1734 1393 Ulyssem

931 1400 1062 1437 tentet,
1087 1407 1130 1429 an
1153 1396 1243 1430 sciat
1262 1396 1394 1437 locum,
1424 1396 1459 1429 in
1494 1406 1561 1441 quo
1591 1395 1670 1440 ipse
1692 1393 1735 1428 il-

930 1442 996 1475 lum
1029 1446 1216 1476 struxerat.
1281 1442 1332 1476 ita
1371 1440 1411 1476 ἐκ
1449 1444 1485 1476 et
1520 1439 1561 1477 ἐν
1592 1440 1736 1475 confusa

929 1491 1010 1520 sunt
1046 1487 1081 1520 in
1113 1488 1319 1543 Anthologia
1347 1488 1461 1522 Palae
1490 1488 1524 1524 3.
1535 1512 1548 1529 ‚
1580 1498 1618 1533 p.
1655 1488 1735 1541 ¹⁷5⁵·

929 1533 1079 1566 fortasse
1113 1533 1216 1567 etiam
1248 1531 1291 1568 τὸ
1315 1532 1485 1569 ἐκθεῖσαι
1517 1532 1677 1568 librarios
1699 1532 1735 1566 in

929 1579 1084 1612 fraudem
1108 1578 1262 1619 induxit,
1287 1586 1326 1614 ut
1351 1578 1455 1620 ἐκτὸς
1477 1580 1670 1612 scriberent
1692 1577 1736 1612 de

929 1624 1121 1664 industria,
1153 1625 1312 1669 quoniam
1347 1625 1382 1659 in
1405 1625 1553 1660 thalamo
1578 1631 1737 1658 constru-

931 1674 1019 1703 ctum
1042 1669 1196 1704 sciebant
1214 1671 1340 1705 lectum
1364 1672 1469 1711 illum,
1495 1682 1593 1716 quem
1611 1670 1737 1715 proba-

930 1715 1046 1750 biliter
1086 1716 1246 1749 aliorsum
1284 1717 1406 1761 regina
1441 1717 1591 1752 ablatum
1632 1715 1735 1760 fingit

929 1772 1077 1807 peregre
1110 1763 1267 1807 profecto
1302 1763 1458 1807 domino,
1488 1774 1597 1808 eoque
1628 1762 1731 1806 longo

929 1819 973 1841 ex
995 1813 1150 1852 tempore
1173 1807 1262 1841 haud
1286 1814 1416 1843 utente.

978 1854 1095 1887 179-
1106 1855 1162 1889 83.
1212 1854 1329 1891 Schol.
1353 1857 1395 1889 A
1409 1856 1463 1889 1.=
1488 1850 1732 1890 ἐκθεῖσαι.

928 1896 997 1942 ἔξω
1023 1897 1267 1944 ἀποθέμεναι.
1292 1901 1325 1934 h.
1345 1913 1374 1935 e.
1399 1901 1586 1934 efferentes
1607 1899 1732 1934 lectum

928 1957 949 1978 e
981 1945 1056 1980 loco
1089 1958 1149 1989 eo,
1187 1946 1223 1980 in
1267 1958 1359 2002 quo
1380 1958 1468 1981 nunc
1504 1946 1637 1990 positus
1665 1949 1730 1982 est.

927 1989 1119 2027 κώεα-
1151 2002 1237 2038 σιγ.
1268 2005 1302 2026 v.
1328 1991 1372 2036 γ’,
1396 1993 1463 2028 349
1490 1997 1557 2027 etc.
1589 2011 1634 2017 —-
1665 1989 1732 2036 0²2-

927 2035 1100 2082 θήσας.
1148 2037 1193 2080 δ’,
1233 2039 1280 2073 30
1310 2043 1376 2072 etc.
1416 2057 1462 2063 -—
1503 2032 1627 2074 κέδν’
1672 2038 1734 2074 εἰ·

928 2084 1086 2119 δυϊαν.
1125 2082 1172 2127 α’,
1195 2082 1264 2120 428
1288 2090 1355 2118 etc.
1373 2103 1418 2109 -·
1441 2077 1466 2130 ἦ
1490 2103 1536 2110 -—
1560 2084 1730 2127 ἔειπες.

925 2129 1730 2222 n'’1g79—190.ov3251oe2&fich-Il.

925 2219 1080 2264 ω’,.565
1105 2223 1552 2278 -μετοχλίσσειε,
1568 2223 1732 2256 amolire-

925 2275 993 2303 tur.
1017 2268 1091 2303 Ill
1114 2280 1146 2302 c.
1171 2269 1249 2303 567.
1259 2288 1306 2294 -—
1328 2267 1434 2304 ἐπεὶ
1457 2289 1503 2295 -
1527 2264 1730 2314 ἀσκητῷ,

924 2316 1086 2359 quoniam
1115 2326 1286 2359 magnum
1313 2316 1452 2359 signum
1484 2314 1574 2348 inest
1607 2315 1644 2348 in
1667 2315 1730 2350 Ιιοσ

924 2363 1010 2396 lecto
1034 2361 1166 2405 affabre
1184 2364 1296 2404 facto.
1318 2361 1354 2394 id
1375 2360 1506 2405 signum
1530 2359 1613 2393 nihil
1637 2361 1731 2396 aliud

925 2412 980 2444 est
1006 2419 1103 2451 quam
1129 2407 1203 2440 olea
1225 2407 1303 2446 ina,
1339 2406 1416 2447 cui,
1449 2411 1609 2451 tanquam
1633 2407 1729 2442 colu-

925 2464 1042 2496 mnae,
1075 2453 1255 2486 thalamum
1279 2431 1423 2496 I'lesses
1445 2452 1729 2498 circumdederat,

924 2512 944 2533 e
975 2503 1096 2533 trunco
1130 2498 1253 2553 pedem
1286 2498 1426 2532 edolans
1458 2498 1539 2531 lecti
1573 2499 1728 2542 genialis.

926 2545 1008 2579 vide
1043 2545 1216 2611 proxima?
1250 2549 1286 2578 et
1318 2542 1473 2589 inprimis
1507 2545 1588 2580 202.
1621 2545 1729 2580 minus

926 2592 1012 2625 bene
1047 2593 1118 2626 Am.
1143 2591 1212 2630 Q.:
1236 2590 1350 2635 μέγα
1384 2591 1517 2635 σῆμα.
1548 2589 1640 2635 μέγα
1671 2591 1728 2627 τέ-

925 2651 1004 2680 ρας.
1037 2649 1101 2671 nec
1135 2636 1167 2670 ei
1203 2642 1270 2670 tam
1305 2636 1408 2670 facile
1431 2647 1539 2691 quam
1564 2637 1596 2671 E
1628 2648 1728 2670 aures

926 2681 1159 2732 praebuerim,
1190 2681 1240 2715 ita
1264 2681 1460 2726 argutanti=
1485 2678 1662 2727 ἀκίνητον
1685 2682 1727 2718 δὲ

924 2730 1037 2786 λέγων
1055 2727 1149 2763 εἶναι
1168 2728 1210 2764 τὸ
1224 2728 1334 2772 λέχος,
1351 2727 1467 2763 εὀικεν
1483 2729 1728 2771 αἰνίττεσθαι,

924 2774 982 2812 ὅτι
1019 2774 1088 2820 τήν
1123 2774 1281 2819 γαμικὴν
1322 2775 1449 2819 κοίτην
1483 2772 1727 2810 ἀδιάλλακτον

923 2821 1020 2857 εἶναι
1049 2823 1116 2856 δεῖ.
1142 2840 1187 2846 —
1221 2822 1272 2855 Ε·
1298 2820 1434 2865 λέχος
1457 2819 1498 2855 δὲ
1498 2818 1726 2878 ἀσκητὸν

922 2868 965 2903 τὸ
996 2866 1047 2911 μή
1080 2863 1320 2911 αυτοσχέδιον
1352 2880 1384 2902 κ.
1416 2867 1578 2910 εἰκαῖον,
1611 2880 1726 2903 οποια

922 2914 984 2950 καὶ
1008 2912 1054 2948 τὰ
1078 2915 1152 2948 τῶν
1180 2914 1319 2950 σκευῶν
1343 2909 1617 2958 αυτοκαβδαλα,
1642 2910 1724 2948 ἀλλ’

922 2959 1231 3007 ἐπιμεμελημένον
1253 2973 1287 2996 κ.
1310 2959 1591 2996 πολυδαίδαλον.
1625 2972 1724 2996 ουτω
