1821 3288
102 105 187 147 141

313 209 462 228 ⁸0⁸5„

728 96 1138 142 ΟΜΗΡΟΥ

272 214 328 269 βη
362 228 411 266 ρ
442 223 586 265 ιμεναι
615 207 859 281 μέγαρόνδε
887 206 995 262 μετὰ
1023 209 1272 278 μνηστῆρας
1301 204 1519 264 ἀγαυούς,

274 269 404 319 τόξον
433 266 580 323 ε’χουσ’
611 268 659 310 ἐν
688 267 811 338 χειρὶ
827 267 1115 315 παλίντονον,
1146 264 1222 320 ἡδὲ
1251 265 1476 334 φαρέτρην

187 331 243 372 60
277 324 507 395 [ἰοδόκον
532 325 688 367 πολλοὶ
718 322 759 366 δ’
789 322 943 365 ἔνεσαν
969 321 1221 372 στονόεντες
1252 322 1429 393 όὶστοί]

271 385 326 438 τῇ
357 380 401 424 δ’
435 379 507 436 ἄρ’
540 379 613 436 ἅμ’
647 379 893 447 ἀμφίπολοι
923 379 1063 433 φέρον
1091 377 1271 447 ὅγκιονη,
1301 378 1412 421 ἔνθα
1443 378 1624 436 σίδηρος

271 443 389 482 κεῖτο
419 436 581 489 πολὺς,
611 437 683 481 καὶ
712 434 904 506 χαλκὸς,
922 434 1078 478 ἀέθλια
1106 440 1203 478 τοῖο
1235 433 1434 486 ἄνακτος.

271 493 299 551 ἡ
333 493 375 538 δ’
409 493 480 537 ὅτε
513 494 565 549 δή
577 496 848 562 μνηστῆρας
879 489 1061 546 ἄφίκετο
1091 493 1164 534 δῖα
1193 496 1444 546 γυναικῶν,

276 555 356 607 στῆ
386 551 442 607 ῥα
471 550 590 604 παρὰ
620 547 819 618 σταθμόν
848 548 990 602 τέγεος
1019 547 1140 591 πύκα
1169 553 1391 603 ποιητοῖο,

189 611 243 654 65
277 608 387 652 ὅντα
416 606 641 659 παρειάων
657 604 856 677 σχομένη
885 604 1047 658 λιπαροὶ
1067 603 1320 674 κρήδεμνα,

275 664 545 736 [ἀμφίπολος
575 661 617 705 δ’
650 661 737 716 α’ρα
768 664 811 705 οἱ
840 661 971 716 κεδνὴ
1002 659 1225 729 ἑκάτερθε
1238 659 1459 715 παρέστη]

277 721 435 765 αὐτίκα
465 720 510 763 δὲ
538 723 779 789 μνηστῆρσι
808 719 1022 774 μετηύδα,
1052 718 1128 762 καὶ
1160 715 1275 772 φάτο
1307 721 1479 786 μῦθον·

354 776 584 829 „Ke'ustvve'
618 792 721 831 μευ,
752 780 993 848 μνηστῆρες
1023 774 1271 846 ἀγήνορες,
1291 775 1334 816 οι
1361 771 1461 818 τόδε
1491 774 1616 830 δωμα

274 831 440 888 ἐχράετ’
473 832 674 904 ἐσθιέμεν
701 834 776 876 καὶ
807 833 986 902 πινέμεν
1019 831 1197 887 ἐμμενὲς
1227 830 1312 873 αἰεὶ

189 896 245 937 70
277 890 444 945 ἀνδρὸς
475 889 786 962 ἀποιχομένοιο
815 890 957 934 πολὺν
986 889 1173 944 χρόνον,
1204 886 1310 931 ουδέ
1337 885 1427 931 τιν’
1459 885 1597 943 ἄλλην

367 1003 545 1020 ””””

276 1002 358 1047 αλλ
410 1020 481 1074 εμε
511 1020 674 1060 ιεμενοι
701 1007 860 1073 γῆμαι,
880 1002 1054 1075 θέσθαι
1083 1019 1128 1046 τε
1156 1006 1360 1074 γυναῖκα.

277 1059 378 1105 ἀλλ’
408 1061 553 1116 ἄγετε,
585 1064 857 1131 μνηστῆρες,
876 1059 968 1103 ἐπεὶ
997 1057 1097 1103 τόδε
1127 1057 1299 1114 φαίνετ’
1331 1057 1518 1102 ἄεθλον*

275 1118 404 1188 θήσω
434 1134 519 1173 γαρ
549 1119 683 1190 μέγα
689 1118 819 1188 τόξον
848 1115 1089 1170 Ὀδυσσῆος
1116 1117 1286 1159 θείοιο·

187 1176 246 1222 75
278 1173 327 1225 ὃς
358 1174 403 1219 δέ
432 1191 480 1218 κε
513 1173 683 1229 ῥηίᾶτατ
716 1172 933 1244 ἐντανύσῃ
965 1173 1065 1229 βιὸν
1095 1173 1143 1216 ἐν
1171 1171 1418 1241 παλάμῃσι,

275 1233 351 1276 καὶ
383 1231 636 1289 διοϊστεύσῃ
666 1230 882 1274 πελέκεων
912 1231 1178 1274 δυοκαίδεκα
1207 1228 1398 1282 πάντων,

148 1381 206 1416 58.
255 1377 376 1424 μετὰ
399 1377 693 1425 μνηστῆρας,
719 1378 768 1413 ad
783 1387 916 1423 procos.

101 1423 151 1469 π,
177 1427 266 1471 151,
292 1425 336 1468 σ’,
363 1424 442 1461 184.

151 1475 208 1508 60.
257 1484 377 1507 versus
397 1472 512 1514 iners,
536 1480 635 1514 quem
660 1482 703 1504 ex
727 1468 916 1516 superiori-

103 1519 169 1553 bus
195 1519 382 1564 irrepsisse
407 1517 569 1552 arbitror.
594 1529 628 1550 v.
654 1520 710 1552 12.

151 1567 208 1606 61,
232 1568 289 1600 62
336 1566 409 1598 Am.
435 1561 701 1607 Bs6yutov.
739 1573 917 1618 προπαρ-

108 1610 295 1653 οξυτόνως
318 1609 360 1644 τό
390 1607 571 1664 ὄγκιον.
616 1608 690 1643 ἔστι
714 1606 754 1644 δε
781 1610 917 1649 κυρίως

102 1657 145 1691 τό
183 1656 349 1692 δεκτικὸν
382 1657 457 1690 τῶν
488 1652 607 1698 ὄγκων
640 1655 706 1710 (ΙΙ.
732 1653 778 1696 δ’,
812 1656 917 1709 151),

103 1700 129 1738 ὃ’
153 1702 250 1738 ἐστιν
276 1702 428 1759 ciul6cov.
464 1701 652 1757 Hesycha
654 1699 817 1759 ὄγκιον.
853 1697 918 1745 οἶγ-

104 1754 205 1795 γεῖον
218 1774 229 1791 ,
262 1748 302 1785 ἐν
325 1749 357 1807 ᾠ
387 1748 427 1783 αἱ
452 1743 588 1788 ακίδες.
635 1744 661 1791 ἢ
692 1747 832 1791 πλέγμα
862 1760 917 1781 κι-

106 1795 284 1838 στοειδὲς,
317 1794 358 1831 ἐν
394 1790 422 1842 ὦ
457 1793 647 1830 απέκειντο
683 1793 724 1828 αἱ
747 1793 916 1833 πελέκεις.

104 1843 264 1877 simiiiter
297 1842 387 1887 Ap.·
422 1838 562 1885 ὄγκιον.
611 1839 780 1884 ἀγγεῖον,
813 1838 851 1874 ἐν
887 1834 915 1886 ᾧ

106 1903 143 1924 οι
167 1890 325 1927 πελέκεις
349 1891 509 1929 κεῖνται,
541 1888 649 1932 (quae
672 1887 914 1931 interpretatio

104 1937 199 1992 h'aud
232 1935 337 1968 dubie
379 1946 421 1968 ex
457 1934 523 1968 hoc
566 1934 641 1968 loco
681 1934 787 1967 ducta
816 1932 917 1989 ‚2⁰⁸t)

105 1979 181 2016 ἀπὸ
206 1983 275 2016 τοῦ
300 1980 499 2026 ἐγκεῖσθαι.
541 1977 571 2023 ἢ
600 1980 702 2022 παρὰ
736 1975 777 2013 τό
804 1977 918 2035 ὀγκοῖ-

106 2030 168 2068 δες
198 2026 306 2062 εἶναι.
352 2027 467 2060 nescio
493 2025 570 2081 quis
595 2025 688 2071 apud
712 2026 812 2058 Sch.·
849 2022 918 2069 ὄγ-

105 2087 222 2110 κιον.
232 2093 276 2100 -
300 2074 374 2108 τῶν
399 2071 516 2116 ὄγκων
537 2070 697 2116 ἀγγεῖον,
723 2069 772 2112 ὡς
795 2075 918 2114 κρεῖ-

107 2134 160 2157 ον
184 2121 241 2162 (ll.
269 2118 306 2161 ι’,
339 2120 426 2162 206)
458 2118 499 2154 τὸ
532 2118 732 2162 κριοδόχον
760 2116 917 2162 ἀγγεῖον.

107 2187 154 2193 -
180 2166 365 2202 ἀέθλια.
411 2164 445 2200 4.

152 2213 317 2248 63-66.
367 2210 415 2252 α’,
439 2211 623 2251 332—35‚
649 2209 693 2252 6¹,
719 2211 917 2246 207—210.

105 2265 280 2305 postremo
306 2260 423 2292 horum
443 2267 602 2290 versuum
629 2262 747 2290 carent
773 2258 857 2290 A.2.
882 2262 917 2290 et.

105 2308 165 2346 3.,
189 2311 225 2339 et
251 2305 326 2339 MS.
353 2305 508 2337 Thomae
531 2302 700 2347 Bentleji,
724 2314 789 2336 nec
812 2303 918 2337 habe-

107 2357 165 2386 tur
188 2351 264 2385 loco
289 2350 389 2383 simili
413 2349 463 2390 π’,
489 2348 569 2384 414.

154 2399 254 2432 68-
263 2398 320 2431 73.
367 2395 567 2431 κέκλυτέ
598 2406 709 2438 μεν,
744 2406 816 2438 μν.
849 2391 916 2438 ἀγ.

107 2444 152 2479 cf.
181 2442 225 2485 σ’,
250 2443 307 2478 43.
332 2462 378 2467 -
412 2442 513 2475 Sch.=
548 2439 754 2485 ἐχράετε.
791 2439 918 2496 ἐβιά-

107 2492 245 2530 σασθε,
279 2487 498 2546 ἐβαρήσατε.
541 2499 575 2521 ν.
601 2499 677 2520 ann.
705 2488 747 2521 ad
774 2485 812 2530 ε’,
838 2487 917 2522 396.

107 2555 152 2561 -
177 2535 399 2579 ἐσθιέμεν
422 2533 500 2569 καὶ
536 2533 739 2577 πινέμεν
773 2533 917 2576 δῶμα,

109 2583 285 2615 comedere
317 2587 351 2615 et
376 2582 488 2614 bibere
522 2581 678 2621 domum,
713 2584 751 2612 ut
780 2580 918 2613 Teren-

107 2630 178 2662 tius
204 2628 290 2661 Eun.
317 2629 351 2669 5,
387 2628 421 2669 8,
461 2628 518 2661 57.
553 2605 736 2659 secundum
767 2626 917 2659 Nonium

109 2687 140 2708 v.
168 2674 378 2719 Propinare=
417 2674 506 2706 hunc
531 2673 774 2705 comedendum
808 2677 841 2705 et
866 2672 918 2704 bi-

108 2721 256 2753 bendum
289 2720 381 2753 vobis
413 2720 577 2763 propino,
620 2717 678 2751 ubi
716 2718 916 2761 Bentlejus.

110 2767 333 2806 ebibendum,
366 2777 431 2799 nec
465 2765 562 2798 male.
616 2775 650 2798 v.
681 2763 731 2796 ibi
764 2763 917 2796 Linden-

107 2814 206 2856 brog.
240 2812 385 2846 Plautus
408 2810 534 2844 Pseud.
559 2809 601 2850 4,
625 2811 659 2849 7,
684 2809 759 2843 25ae
792 2811 918 2843 Jamne

107 2860 206 2892 illum
251 2869 443 2891 comesurus
484 2855 547 2890 es?
601 2855 719 2888 BALL
725 2855 783 2889 [O.
826 2857 917 2889 Dum

109 2915 228 2937 recens
252 2908 320 2945 est,
345 2905 438 2937 Dum
461 2903 578 2941 datur,
603 2902 685 2935 dum
709 2902 819 2943 calet,
856 2902 917 2934 de-

110 2951 227 2985 vorari
265 2950 374 2985 decet.
437 2954 589 2984 ceterum
630 2947 666 2982 id
707 2958 796 2993 opus
840 2959 916 2982 esse

961 1388 1162 1424 procorum,
1203 1377 1277 1422 ipse
1318 1373 1488 1411 Antinous
1521 1374 1697 1420 significat
1728 1374 1775 1423 β’,
1814 1387 1816 1408 1

961 1425 1042 1459 305.
1066 1444 1111 1448 -
1142 1423 1305 1468 μύθου
1331 1422 1631 1468 ἐπισχεσίην.
1681 1423 1715 1457 h.
1743 1435 1775 1460 e.
1814 1433 1816 1461 ς

961 1470 1153 1515 πρόφασιν
1185 1469 1424 1514 πράγματος,
1457 1475 1676 1513 praetextum
1700 1469 1774 1514 ejus

961 1518 1024 1550 rei.
1072 1528 1148 1550 nam
1173 1517 1263 1562 quod
1287 1516 1584 1561 Pseudodidymus
1617 1521 1653 1549 et
1675 1523 1775 1550 vete—

962 1574 1019 1596 res
1056 1562 1105 1595 illi
1138 1563 1230 1607 apud
1263 1562 1483 1596 Eustathium
1518 1563 1647 1605 μῦθον
1680 1562 1716 1597 h.
1749 1562 1773 1596 l.

962 1606 1236 1653 interpretantur
1260 1607 1399 1651 στάσιν,
1423 1620 1565 1653 prorsus
1588 1608 1623 1642 id
1647 1608 1774 1642 abhor-

964 1658 1018 1688 ret
1051 1655 1093 1688 ab
1132 1665 1196 1688 usu
1228 1655 1392 1696 Homeri,
1437 1654 1495 1700 qui
1528 1655 1656 1697 μῦθον
1690 1655 1773 1689 nihil

963 1699 1056 1733 aliud
1081 1700 1177 1733 novit
1211 1700 1278 1733 nisi
1317 1698 1450 1754 λόγον,
1489 1712 1549 1735 seu
1574 1700 1726 1745 πρᾶγμα
1751 1712 1773 1735 a

964 1751 1194 1791 consequente
1217 1745 1355 1780 dicendi
1380 1747 1424 1780 de
1448 1758 1497 1788 re,
1521 1759 1610 1791 quae
1636 1746 1773 1792 agitur3

963 1792 1246 1836 quemadmodum
1269 1792 1328 1827 ille
1347 1790 1391 1837 χ’,
1414 1794 1516 1828 288*
1539 1795 1665 1828 θεοῖσι
1684 1793 1775 1827 Μυ-

962 1839 1038 1873 θον
1072 1838 1291 1883 ἐπιτρέψαι,
1327 1841 1395 1873 den
1421 1842 1561 1884 giitlern
1595 1840 1776 1874 Ueberlass

962 1886 1027 1919 das
1050 1886 1230 1929 geschizst,
1254 1890 1294 1919 ut
1317 1885 1472 1922 reddidit
1496 1886 1654 1921 Vossius.
1685 1885 1775 1920 idem

963 1936 1058 1965 recte
1083 1932 1117 1965 h.
1143 1931 1188 1965 l.=
1225 1932 1298 1965 und
1330 1932 1391 1966 vdie
1423 1943 1532 1977 sogor
1564 1933 1676 1967 nichts
1701 1933 1776 1965 An-

964 1978 1062 2010 deres
1095 1978 1152 2011 ihr
1186 1978 1264 2010 dem
1288 1979 1461 2023 beginnen
1484 1991 1550 2012 nur
1571 1990 1776 2013 vorzuwen-

965 2024 1032 2057 den
1056 2027 1246 2069 vermiigct.
1279 2025 1417 2058 Aeolum
1442 2024 1576 2069 quidem
1595 2037 1666 2059 vox
1687 2024 1776 2058 fuis-

965 2081 1003 2103 se
1027 2069 1163 2103 videtur
1187 2069 1313 2112 μύθος
1337 2071 1423 2114 (non
1447 2071 1592 2115 μῦθος)
1617 2082 1680 2116 pro
1704 2083 1775 2114 μο-

963 2116 1056 2157 θος,
1082 2118 1269 2157 τυτηιιίῑιιε,
1305 2117 1395 2150 unde
1418 2118 1599 2151 Anacreon
1623 2129 1774 2152 στασια-

966 2160 1055 2201 στάς
1088 2162 1214 2196 dixisse
1248 2168 1390 2206 putatur
1421 2163 1631 2207 μυθιήτας·
1665 2176 1699 2197 v.
1726 2165 1773 2206 Ε,

966 2208 1048 2243 Sch.
1073 2212 1109 2241 et
1133 2209 1177 2242 ad
1209 2220 1286 2242 eum
1321 2214 1482 2242 annotata
1502 2221 1527 2247 .a
1551 2211 1773 2252 Buttmanno,

962 2253 1044 2287 item
1069 2257 1132 2300 Ap.
1157 2266 1191 2291 ν.
1215 2256 1356 2299 μῦθος,
1383 2263 1418 2289 et
1442 2255 1592 2299 Hesych.
1618 2269 1652 2290 v.
1655 2255 1774 2309 μύθ-

964 2312 1091 2344 αρχοι,
1134 2300 1171 2335 οἱ
1208 2302 1436 2345 προεστῶτες
1476 2304 1552 2336 τῶν
1597 2300 1772 2338 στάσεων.

963 2346 1026 2381 sed
1046 2346 1133 2403 quid
1159 2348 1246 2381 haec
1269 2347 1314 2381 ad
1338 2348 1550 2382 Homerum?
1574 2367 1619 2374 —
1653 2349 1705 2382 E:
1729 2346 1773 2385 τό

964 2391 1006 2427 δὲ
1031 2389 1132 2427 ἀλλ’
1158 2391 1238 2436 ἒμε
1275 2392 1465 2437 ἱέμενοι
1494 2395 1645 2450 γῆμαι
1684 2394 1774 2456 σχή-

963 2452 1081 2494 ματος
1105 2436 1282 2495 ἀλλαγήν
1317 2441 1359 2475 τό
1384 2439 1454 2485 γάρ
1489 2439 1702 2496 ἀκόλουθον
1724 2440 1773 2488 ἦν

965 2483 1105 2526 οὕτως,
1131 2484 1222 2522 ου’δέ
1247 2499 1331 2521 τινα
1347 2484 1460 2542 αλλην
1479 2487 1668 2532 πρόφασιν
1687 2502 1773 2526 ποι-

963 2530 1129 2576 ήσασθαι
1159 2531 1299 2576 ε’,σχετε
1335 2531 1428 2568 ἄλλα
1468 2534 1510 2569 τό
1548 2534 1608 2579 ἔμε
1644 2535 1772 2572 ἵεσθαι

962 2578 1090 2623 γῆμαι.
1138 2579 1177 2612 Α.
1202 2581 1255 2613 2:
1279 2576 1370 2613 ἄλλά
1390 2578 1445 2623 μέ.
1493 2581 1650 2617 Alterus.
1678 2580 1771 2619 ἄλλά

962 2636 1026 2669 με,
1065 2636 1182 2658 errore
1214 2625 1308 2658 haud
1345 2625 1492 2660 insolito.
1552 2639 1587 2662 v.
1619 2629 1771 2664 Porsoni

962 2671 1110 2705 Advers.
1143 2683 1176 2716 p.
1202 2672 1291 2714 252,
1323 2673 1404 2714 257,
1437 2674 1518 2707 260.
1544 2692 1590 2700 -—
1621 2674 1695 2710 Am.
1727 2676 1769 2711 B.

963 2718 1006 2752 ad
1034 2719 1132 2773 106..
1172 2715 1288 2753 τόδε
1322 2731 1362 2762 φ.
1396 2716 1587 2754 ἄεθλον.
1635 2720 1676 2756 τὸ
1703 2722 1770 2778 γῆ-

963 2776 1031 2807 μαι
1054 2762 1122 2807 τήν
1146 2763 1367 2819 Πηνελόπην
1400 2765 1591 2822 πρόκειται
1620 2767 1769 2813 νικητή-

963 2822 1054 2852 ριον.
1104 2809 1139 2844 εἰ
1159 2811 1230 2853 γάρ
1255 2809 1320 2845 τὸν
1343 2806 1554 2869 ἅγωνισμόν
1570 2811 1687 2857 ἔλεγεν
1711 2815 1769 2858 (ut

962 2855 1006 2896 τ,
1043 2855 1112 2890 576
1144 2857 1250 2900 etc.),
1284 2854 1476 2901 α’ρσενικόν
1511 2871 1558 2895 αν
1589 2858 1674 2906 ἔφη.
1721 2861 1768 2895 cf.

964 2904 1086 2939 106-
1100 2903 1178 2936 109.

1009 2948 1109 2982 75-
1119 2948 1177 2983 79.
1224 2946 1503 2991 τ’,577-ν-581.
