1821 3288
119 112 169 151 ω.

175 112 202 151 Φ

511 105 1386 148 ΒΑΤΡΑΧΟΜῬΟΜΑΧΙΑ.

288 220 318 276 ἢ
346 218 481 277 μυσὶν
511 215 768 267 ἀθανάτων,
799 232 873 259 και
895 192 1136 287 Ἀθηναίην
1165 215 1445 269 προσέειπεν·

371 278 446 328 ,ξιΩι
476 274 696 331 θύγατερ,
726 273 858 341 μυσὶν
885 274 912 326 ἠ
944 271 984 325 ῥ’
1021 272 1339 342 ἐπαλεξήσουσα
1367 269 1594 328 πορεύσῃς

186 336 260 380 175
288 332 363 376 καὶ
391 331 477 388 γάρ
509 344 592 376 σου
622 331 732 375 κατὰ
763 327 872 384 νηόν
904 327 969 370 ἀεὶ
999 333 1232 382 σκιρτῶσιν
1261 327 1463 378 ἅπαντες,

289 390 448 458 κνίσσῃ
481 387 741 443 τερπόμενοι
768 385 841 428 καὶ
872 384 1101 439 ἐδέσμασιν
1131 384 1178 428 ἐκ
1210 384 1400 428 θυσιάωι
1401 399 1438 425 ⁷:
1429 393 1454 409 ’6

358 445 441 496 Ὡς
471 444 533 500 ἄρ’
567 445 652 513 ἕψῃ

682 443 924 512 Κρονίδης·
956 444 1032 513 τὸν
1061 443 1108 509 δὲ
1136 443 1390 494 προσέειπεν
1416 440 1595 497 Ἀθήνη·

291 505 355 553 „oi
385 502 548 572 πάτερ,
578 499 661 544 οὐκ
693 496 747 542 άν
777 497 846 541 πώ
876 498 969 541 ποτ’
999 499 1081 553 ἐγώ
1110 499 1215 566 μυσὶ
1244 499 1559 553 τειρομένοισιν

289 561 470 615 ἐλθοίην
499 557 745 611 ἐπαρωγὸς,
776 555 867 598 ἐπεὶ
897 555 1008 597 κακὰ
1037 554 1176 597 πολλά
1205 554 1249 609 μ’
1284 555 1468 607 ἐόργαν,

182 621 261 662 180
291 616 512 684 στέμματα
542 614 805 684 βλάπτοντες
835 613 909 655 καὶ
939 611 1126 681 λύχνους
1156 610 1286 654 εἳνεκ’
1319 612 1480 654 ἐλαίου.

289 678 421 716 τοῦτο
454 671 499 715 δέ
529 687 618 726 μου
647 672 746 726 λίην
776 668 902 712 ἐδακε
934 669 1118 722 φρένας,
1150 665 1221 711 οἷά
1251 665 1290 722 μ’
1324 668 1494 720 ἔρεξαν·

289 729 455 774 πέπλον
484 744 570 782 μου
600 727 897 781 κατέτρωξαν,
922 725 985 768 ὃν
1015 724 1210 780 ἐξύφηνα
1239 728 1441 779 καμοῦσα

291 787 339 829 ἐκ
370 785 566 857 ροδάνης
594 787 770 837 λεπτῆς,
802 783 873 825 καὶ
904 781 1098 853 στήμονα
1128 782 1283 824 λεπτόν
1314 781 1461 834 ἔνησα,

181 892 260 947 18*
294 843 491 898 τρώγλας
520 839 566 884 τ’
581 841 850 909 ἐμποίησαν.

237 918 261 945 ο

908 837 931 881 ὁ
964 838 1007 882 δ’
1036 838 1202 910 η’πητής
1232 854 1307 889 μοι
1337 838 1510 892 ἐπέστη·

291 899 540 970 χρησαμένη
571 900 655 953 γὰρ
685 896 860 964 ὕφηνα,
892 896 964 939 καὶ
995 897 1077 938 οὐκ
1107 895 1185 950 ἔχω
1221 893 1566 947 ἀνταποδοῦναι,

293 973 352 1007 ως
381 954 495 999 πολύ
514 971 595 1026 ’uus
606 952 887 1008 πράσσει.τὸ
920 954 964 996 δὲ
997 953 1139 1007 ῥίγιον
1170 951 1471 995 ἀθανάτοισιν.

293 1012 390 1056 ἀλλ’
426 1011 524 1055 οὐδ’
558 1011 619 1062 ὡς
652 1009 935 1081 βατράχοισιν
965 1008 1179 1065 ἀρηγέμεν
1211 1008 1292 1052 οὐκ
1323 1007 1535 1063 ἐθελήσω·

293 1069 376 1113 εἰσὶ
405 1070 489 1125 γάρ
521 1067 620 1112 οὐδ’
653 1066 780 1110 αὐτοὶ
811 1067 976 1122 φρένας
1006 1067 1201 1120 ἔμπεδοι,
1233 1063 1340 1108 άλλά
1370 1080 1422 1120 με
1451 1062 1605 1120 πρώην

291 1126 338 1170 ἐκ
368 1127 563 1179 πολέμου
593 1124 834 1171 ἀνιοῦσαν
866 1123 956 1166 ἐπεὶ
985 1126 1082 1178 λίην
1113 1123 1358 1176 ἐκοπώθην,

181 1189 261 1229 190
290 1183 439 1227 ὕπνου
470 1181 734 1237 δευομένην,
778 1179 859 1223 οὐκ
886 1181 1036 1223 εἴασαν
1064 1182 1364 1249 θορυβοῦντες

294 1239 398 1284 οὐδ’
432 1237 583 1294 ὀλίγον
612 1241 859 1292 καμμῦσαι·
895 1235 977 1290 ἐγώ
1008 1234 1052 1278 6'
1085 1237 1252 1284 ἄϋπνος
1282 1235 1553 1288 κατεκείμην,

292 1298 372 1352 τὴν
382 1295 599 1368 κεφαλήν
630 1293 848 1362 ἀλγοῦσα,
880 1292 959 1343 ε’ως
989 1291 1169 1348 ἐβόησεν
1200 1291 1407 1344 ἀλέκτωρ.

295 1350 392 1396 ἀλλ’
424 1351 520 1407 ἄγε,
550 1351 875 1405 παυσώμεσθα,
906 1350 1030 1400 θεοὶ,
1058 1349 1282 1393 τούτοισιν
1310 1348 1506 1404 α’ρήγειν,

296 1408 369 1479 [μή
401 1425 448 1452 κε
477 1426 541 1460 τις
570 1408 732 1463 ἡμείων
761 1410 938 1463 τρωθῃ
946 1407 1059 1461 βέλει
1088 1405 1313 1459 ὀξυόεντι]

183 1469 264 1512 195
293 1465 420 1537 μήτις
447 1467 520 1508 καὶ
549 1465 737 1535 λόγχῃφι
765 1466 879 1518 τυπῇ
911 1464 1067 1536 δέμας,
1100 1462 1156 1530 ἠὲ
1179 1465 1370 1517 μαχαίρῃ

298 1523 402 1577 (εἰσὶ
431 1522 533 1592 γάρ
545 1521 801 1591 ἀγχέμαχοι,
831 1519 906 1562 καὶ
935 1521 970 1562 εἰ
1000 1520 1102 1570 θεὸς
1132 1518 1280 1570 α’ντίος
1310 1518 1475 1572 ἔλθοι)-

297 1579 457 1629 πάντες
488 1577 533 1621 δ’
544 1577 814 1649 ου’ρανόθεν
841 1576 1099 1645 τερπώμεθα
1130 1577 1258 1630 δῆριν
1288 1573 1518 1627 ὁρῶντες“

362 1634 453 1686 Ὣς
484 1633 555 1686 ἄρ’
590 1633 693 1689 ἔφη·
725 1637 777 1688 τῇ
809 1630 854 1674 6'
885 1631 982 1674 αὖτ’
1015 1633 1295 1675 ἐπεπείθοντο
1323 1633 1420 1673 θεοὶ
1451 1631 1572 1674 ἄλλοι

295 1691 479 1742 πάντες,
511 1690 630 1744 ὁμῶς
659 1688 702 1732 6’
736 1691 939 1744 εἰσῆλθον
970 1687 1142 1739 ἀολλέες
1173 1690 1232 1738 εἰς
1261 1685 1338 1730 ἕνα
1370 1691 1529 1742 χῶρον.

183 1756 267 1797 200
297 1748 426 1794 2:0266’
457 1744 600 1805 ἦλθον
628 1746 812 1803 κήρυκε,
841 1745 976 1799 πέρας
1005 1745 1213 1802 πολέμοιο
1245 1743 1452 1800 φέροντε·

126 1892 183 1932 3.,
211 1888 368 1933 Bergler.
381 1912 391 1930 ,
422 1886 505 1922 Ern.
497 1912 526 1932 .,
560 1887 688 1921 Alter..-
722 1883 936 1921 ἀθανάτων.

127 1936 206 1971 alii:
240 1933 486 1979 τειρομένοις,
527 1933 668 1978 opinor,
706 1945 749 1966 ex
782 1933 858 1967 178.
890 1950 935 1956 -

127 1984 336 2025 ἐλθοίην.
363 1979 554 2014 emendatio
578 1979 754 2032 proposita
780 1989 799 2011 a
825 1978 936 2010 Fran-

126 2030 204 2063 keo.
231 2028 310 2062 iibri
328 2025 521 2070 ἐλθοίμην,
547 2026 697 2059 Datismo
719 2025 776 2058 vix
794 2024 935 2058 ferendo

125 2075 162 2108 in
196 2076 260 2108 hoc
294 2076 417 2119 μοὸῑιι,
455 2077 493 2106 ut,
525 2071 683 2104 Comicus
715 2071 806 2104 Pace
836 2071 937 2104 291..-

128 2118 177 2160 ὥς
202 2117 362 2164 ἥδομαι,
386 2118 448 2153 καὶ
480 2118 735 2162 χαί,ρομαι
759 2114 936 2159 κευφραί-

127 2181 251 2210 νομαι.
277 2179 324 2207 v.‚
349 2176 435 2210 quos
452 2164 631 2198 Frankeus
648 2162 818 2201 laudavit
840 2163 938 2194 Butt-

128 2225 238 2248 mann.
275 2223 327 2256 gr.
365 2223 417 2256 gr.
450 2216 475 2244 t.
502 2213 532 2245 1.
593 2210 705 2245 .362.
717 2232 725 2248 ‚
763 2187 937 2251 G6ttling.

128 2260 171 2294 ad
203 2258 350 2292 Aristot.
391 2256 494 2292 Polit.
529 2268 562 2301 p.
568 2222 655 2292 p660
688 2266 782 2300 sequ.
817 2255 860 2288 W
894 2263 937 2288 ex

130 2306 348 2350 conjectura:
370 2303 555 2348 ἐρχοίμην.

177 2396 362 2432 184—86.
391 2395 444 2429 ita
475 2394 509 2428 hi
534 2404 652 2427 versus
685 2391 836 2426 ordinati
860 2393 940 2424 sunt

132 2443 167 2477 in
187 2443 304 2476 codice
331 2440 601 2475 Vratislaviensi.
626 2442 775 2473 ceterum
800 2437 829 2471 is
853 2449 942 2482 quo-

133 2501 199 2534 que
224 2488 280 2523 86.
311 2488 418 2521 habet
449 2487 510 2522 καὶ
543 2484 694 2529 πράσσει
724 2489 768 2529 με
798 2481 943 2525 τόκους,

134 2540 174 2569 ut
196 2534 290 2568 Flor.
315 2539 350 2567 et
375 2533 449 2567 Aid.
474 2533 535 2567 alii
557 2532 636 2565 libri
661 2537 767 2566 vem·
794 2531 855 2565 καὶ
879 2542 940 2571 πρ.

134 2594 178 2626 με
203 2580 334 2620 τόκον,
358 2591 472 2613 omnes
496 2578 577 2619 καὶ,
603 2590 676 2611 cum
695 2577 802 2633 longe
826 2576 940 2621 aptius

131 2627 174 2661 ad
198 2625 400 2660 sententiam
425 2626 472 2659 sit
497 2636 571 2664 ως,
596 2636 657 2668 pro
684 2620 775 2658 ω’στε
800 2622 940 2663 dictum,

132 2685 220 2719 quae
263 2671 455 2717 particulae
498 2682 601 2714 saepe
647 2670 809 2703 confusae
849 2673 939 2701 sunt.

131 2724 316 2772 praeterea
328 2716 420 2750 Flor.
448 2722 483 2750 et
507 2716 599 2749 Ald:
620 2714 826 2755 -τόκους·
853 2712 941 2748 τού-

133 2778 201 2800 του
238 2761 343 2807 χᾶριν
367 2762 611 2806 ἐξιόργισμαι,
650 2773 738 2806 quae
763 2760 839 2805 quis
874 2770 940 2793 non

134 2811 307 2854 intelligat
331 2821 477 2854 procusa
516 2820 592 2842 esse
625 2819 644 2841 a
678 2808 843 2847 Metrico,
881 2805 941 2850 qui

134 2858 323 2891 inveniss‹t
355 2855 462 2889 verba
485 2855 568 2897 καὶ,
602 2854 657 2887 vel
682 2858 752 2894 ως,
785 2850 943 2895 πράσσει

133 2915 179 2950 με
209 2902 364 2943 τόκους,
406 2911 612 2946 versumque
643 2899 854 2945 compleret¹2
888 2897 942 2932 in·

980 1885 1193 1929 terpretatus
1217 1886 1329 1918 autem
1362 1886 1414 1917 est
1437 1880 1552 1917 nescio
1576 1880 1654 1934 quis
1678 1877 1793 1913 verbis

980 1930 1058 1963 istis
1081 1930 1226 1964 lectiora
1258 1931 1321 1965 καὶ
1351 1928 1446 1965 πολύ
1482 1942 1527 1972 με
1558 1926 1734 1971 πράσσει,
1759 1927 1792 1958 et

981 1977 1127 2010 multum
1160 1977 1268 2010 instat
1302 1974 1407 2018 mihi,
1441 1987 1530 2020 quae
1562 1975 1720 2018 leguntur
1752 1972 1790 2005 iu

983 2022 1082 2056 codd.
1109 2020 1199 2055 Flor.
1225 2027 1259 2056 et
1281 2018 1396 2067 Lips„
1389 2038 1395 2043 ·
1420 2022 1482 2055 sed
1505 2021 1592 2055 male
1618 2031 1686 2053 rem
1711 2028 1792 2062 ges-

981 2068 1038 2109 sit,
1064 2080 1174 2111 neque
1196 2075 1250 2102 est
1274 2069 1365 2114 quod
1390 2067 1512 2109 τόκον,
1535 2077 1691 2106 usuram,
1716 2064 1792 2098 exi-

981 2119 1042 2159 gat
1066 2126 1085 2147 a
1111 2113 1265 2147 Minerva
1299 2120 1434 2156 sartor,
1472 2113 1526 2147 vel
1564 2117 1697 2152 textor,
1730 2107 1791 2143 sed

982 2160 1136 2204 reposcit
1165 2159 1223 2194 ine
1257 2159 1357 2203 licia,
1399 2171 1491 2205 quae
1526 2163 1683 2193 mutuata
1716 2161 1819 2194 etat?

981 2206 1058 2240 dea.

1030 2286 1107 2322 191.
1133 2282 1157 2319 ἄ
1167 2287 1190 2320 ὕ
1201 2297 1258 2318 nv
1271 2297 1289 2318 ο
1304 2296 1322 2324 ς
1353 2284 1464 2319 media
1488 2287 1652 2330 correpta
1675 2287 1794 2330 conti-a
1804 2271 1817 2278 ’Ἰ

982 2343 1109 2366 morem
1133 2330 1359 2365 Homericum.

1033 2411 1110 2446 194.
1149 2421 1270 2444 versus
1295 2410 1338 2443 ab
1364 2409 1481 2455 inepto
1507 2409 1619 2454 aliquo
1643 2400 1805 2443 fabrica-⁸

985 2462 1060 2499 tus,
1086 2462 1124 2491 ut
1148 2468 1244 2490 omne
1269 2468 1375 2500 genus
1398 2468 1563 2490 armorum
1583 2466 1791 2489 memorare-

987 2511 1053 2539 tur.
1102 2508 1195 2536 recte
1235 2503 1320 2535 haec
1363 2514 1382 2535 a
1425 2502 1579 2546 genuinis
1616 2499 1790 2546 separavit

986 2550 1165 2591 Matthiae,
1191 2554 1308 2581 notato
1327 2548 1427 2581 etiam
1443 2549 1661 2582 soloecismo:
1682 2557 1790 2589 „nam

985 2596 1056 2639 μή,
1080 2598 1162 2635 πε,“
1187 2594 1316 2638 iuquit,
1355 2618 1378 2634 ,,
1383 2606 1448 2627 non
1479 2596 1566 2628 solet
1599 2606 1639 2628 κε
1669 2593 1804 2636 adjuti-¹

985 2650 1074 2676 ctum
1107 2641 1263 2674 habere.‘
1325 2651 1503 2684 perperam
1537 2640 1615 2673 libri
1658 2639 1791 2682 aliquot

986 2688 1106 2732 scripti
1139 2693 1174 2720 et
1212 2686 1463 2719 vetustissimae
1495 2686 1571 2719 edd.
1606 2686 1791 2719 omiserunt

985 2738 1181 2778 sequentem
1214 2743 1370 2773 versum,
1403 2731 1461 2776 qui
1485 2732 1676 2766 adstruitur
1710 2741 1790 2764 ver-

984 2780 1051 2858 bial
1070 2779 1139 2814 εἰσι
1174 2776 1243 2823 γάρ
1281 2775 1512 2822 ἀγχέμαχοι-ο
1539 2777 1624 2812 Εῐιι.
1659 2776 1791 2814 uncinis

983 2837 1038 2860 mc
1054 2825 1130 2859 usit.

1030 2896 1111 2932 200.
1142 2891 1290 2939 πέρας
1319 2889 1559 2937 πολέμοιο.
1600 2891 1635 2930 h.
1671 2902 1702 2926 e.
1733 2887 1791 2928 τέ-
