1821 3288
533 105 575 145 3.
632 101 676 141 Ε
703 101 734 143 Ι
757 102 803 142 Σ
855 102 899 145 Ε
928 101 969 141 Ρ
993 100 1052 142 Μ
1079 101 1124 164 Η
1149 103 1211 145 Ν.
1617 110 1702 151 301

221 218 351 257 τοῦτο
379 210 464 268 γάρ
495 205 578 254 οὖν
612 212 686 256 καὶ
716 211 860 256 ἔπειτα
890 208 983 266 μετ’
1011 209 1252 263 ἀθανάτοις
1278 214 1408 272 γέρας
1441 217 1560 272 ἕξεις,

219 270 353 325 άρχός
382 268 608 340 φηλητέων
636 269 863 324 κεκλήσεαι
889 267 1034 337 ἤματα
1061 268 1218 311 πάντα.
1223 275 1247 293 “

286 326 369 375 Ὼς
398 324 468 379 ἄρ’
501 325 608 380 ἔφη,
640 326 713 369 καὶ
742 328 876 368 παῖδα
905 323 1053 380 λαβών
1082 323 1190 380 φέρε
1224 329 1392 397 Φοῖβος
1418 329 1650 376 Ἀπόλλων.

220 382 275 426 σύ
305 382 346 425 6'
379 381 466 436 ἄρα
496 383 806 452 φρασσάμενος
836 381 930 425 τότε
959 382 1012 436 δη
1037 381 1202 452 κρατὺς
1224 380 1545 444 Ἀργειφόντης

106 441 189 483 295
220 437 378 481 οἰωνὸν
407 439 633 494 προέηκεν,
655 438 930 511 ἀειρόμενος
946 437 1050 493 μετὰ
1076 438 1210 504 χερσὶ,

214 495 408 550 τλήμονα
437 495 622 550 γαστρὸς
651 495 820 550 ε’ριθον,
852 493 1102 538 ἀτάσθαλον
1129 493 1416 566 ἀγγελιώτην·

220 552 464 605 ἐσσυμένως
494 551 540 595 δὲ
569 551 664 606 μετ’
698 551 837 595 αὐτὸν
866 551 1085 605 ἐπέπταρε.
1115 556 1209 594 τοῖο
1239 551 1284 595 δ’
1310 550 1542 599 Ἀπόλλων

220 609 385 657 ε’κλυεν,
417 609 462 652 ἐκ
489 612 645 664 χειρῶν
675 608 721 652 δε
750 608 882 679 χαμαὶ
909 608 1012 677 βάλε
1041 605 1229 662 κύδιμον
1245 608 1431 678 Ερμῆν,

217 665 330 718 ε’ζετο
362 665 408 708 δὲ
438 665 723 720 προπάροιθε,
755 665 828 708 καὶ
855 663 1092 719 ἐσσύμενός
1120 680 1201 719 περ
1232 664 1374 720 ὁδοῖο,

104 728 187 768 300
213 722 374 778 Ἑρμῆ-ν
390 722 660 790 κερτομέων,
689 723 764 764 καί
793 737 868 776 μιν
897 720 1008 774 πρὸς
1039 725 1188 790 μιξθον
1217 721 1347 766 έ’·ειπε

297 776 510 833 ἾΘάρσει,
543 782 861 833 σπαργανιῶτα,
893 776 1002 827 Διός
1030 778 1105 819 καὶ
1133 779 1343 831 Μαιάδος
1370 779 1467 824 υἷέ]

215 822 385 908 εὑρήσω
416 837 489 879 καὶ
519 835 661 878 ἔπειτα
691 837 811 888 βοῶν
840 835 1006 904 ἴφθιμα
1035 832 1205 900 κάρηνα

214 894 387 942 τούτοις
417 894 634 937 οἰωνοῖσι
667 891 720 934 66
752 890 793 933 δ’
827 887 936 932 αὖθ’
967 887 1074 932 ὁδὸν
1101 888 1450 945 ἡγεμονεύσεις-*ζ

277 947 481 1020 ῃρι’ῼςφτ

513 962 522 971 ·
555 947 578 990 ὁ
611 946 654 990 δ’
685 942 781 989 αὖτ’
818 945 1035 1014 ἀνόρουσε
1064 949 1193 996 θοῶς,
1227 946 1503 1016 Kvmrjmog‘
1508 949 1672 1005 Ερμῆς,

99 1011 181 1053 305
215 1007 389 1060 σπουδη
422 1004 513 1056 ἰών,
545 1004 696 1075 άμφω
709 1003 755 1046 δὲ
783 1017 871 1057 παρ
927 1001 1067 1044 οὔατα
1094 1002 1243 1063 χερσὶν
1272 1003 1403 1047 ἐώθει

213 1062 485 1116 σπάργανον,
517 1059 636 1115 ἀμφ’
670 1058 855 1111 ὤμοισιν
884 1059 1092 1114 ἐελμένος,
1123 1057 1213 1102 εἷπε
1245 1060 1291 1103 δὲ
1320 1065 1493 1116 μῦθον·

225 1169 244 1189 ς,

290 1121 400 1172 „Hy
431 1133 482 1172 με
505 1118 683 1188 φέρεις,
697 1115 913 1184 Ἑκάεργε,
942 1120 1062 1159 θεῶν
1094 1116 1373 1171 ζαμενέστατε
1397 1118 1598 1172 πάντωνς

214 1192 248 1235 η
274 1190 324 1230 με
353 1177 472 1229 βοῶν
502 1191 548 1217 ει
535 1191 603 1245 εχ
647 1175 731 1216 ώδε
760 1171 1024 1228 χολούμενος
1055 1170 1383 1226 όρσολοπεύειςς

213 1235 247 1275 ὠ
277 1231 426 1284 πόποι,
457 1229 546 1274 εἴθ’
577 1230 786 1274 ἀπόλοιτο
817 1233 946 1300 βοῶν
972 1230 1126 1299 γένοςέ
1155 1229 1210 1273 ου’
1238 1230 1346 1287 γάρ·
1357 1232 1490 1288 ε’γωγε

98 1296 181 1337 310
209 1288 420 1341 ὑμετέρας
453 1288 609 1337 ε’κλεψα
640 1287 760 1343 βόας,
792 1284 894 1330 οὐδ’
926 1284 1061 1329 άλλον
1092 1301 1261 1336 οπωπα,

213 1344 371 1396 αιτινές
403 1346 484 1388 εἶσι
515 1345 710 1414 βόες·τό
743 1344 789 1386 δὲ
817 1342 872 1398 δὴ
901 1342 1026 1393 κλέος
1057 1347 1155 1385 οἰον
1184 1342 1343 1386 ἀκούω.

209 1403 284 1453 δὸς
313 1403 359 1445 δὲ
389 1404 534 1472 δίκην,
564 1418 638 1445 και
669 1399 777 1452 δέξο,
809 1399 929 1451 παρὰ
961 1400 1069 1453 Ζηνὶ
1098 1402 1366 1452 Κρονίωνι.“

284 1458 437 1530 Αὐτάρ
471 1457 561 1500 ἐπεὶ
589 1455 642 1499 τά
671 1456 830 1499 ε’καστα
861 1456 1102 1521 διαρρἡᾷην
1133 1457 1324 1509 ἐρέεινον

201 1513 361 1569 Ἑρμῆς
391 1514 432 1556 τ’
467 1513 674 1563 οιοπόλος
704 1513 779 1556 καὶ
807 1516 980 1580 Λητοῦς
1011 1511 1170 1566 α’γλαὸς
1199 1512 1309 1564 υἷος,

94 1575 178 1620 315
213 1571 349 1627 ἀμφὶς
377 1571 527 1627 θυμὸν
558 1570 725 1625 ἔχοντες
754 1567 799 1622 (6
828 1570 920 1623 μὲν,
951 1569 1164 1624 νημερτέα
1199 1572 1381 1625 φωνεῖν,

209 1628 294 1673 ov'n
325 1629 484 1680 ἀδίκως
513 1626 582 1671 ἐπὶ
610 1627 769 1684 βουσὶν
798 1624 978 1680 ἐλάζυτο
1009 1625 1199 1682 κυὸιμον
1225 1626 1407 1683 Ερμῆν·

32 1756 172 1791 Phorm.
199 1756 229 1795 1,
255 1752 289 1794 4,
315 1754 391 1788 13.-
416 1751 549 1795 aliquid
567 1762 816 1785 convasassem.
822 1753 846 1772 ‘⁶

32 1821 80 1829 -—
103 1801 251 1836 τοῦτο
276 1799 366 1842 γὰρ
391 1819 434 1823 -
462 1796 627 1831 πάντα.
662 1798 843 1832 annotavit

35 1847 226 1887 Montbel„
249 1845 285 1878 id
310 1844 457 1878 muneris
481 1844 654 1879 Mercurio
678 1855 842 1890 nusquam

31 1894 139 1929 tribui
164 1893 256 1937 apud
284 1892 478 1925 Homerum.

79 1940 160 1981 295,
183 1941 238 1974 96.
273 1963 295 1979 ,‚
308 1936 460 1980 crepitus
481 1935 612 1970 ventris
637 1935 762 1969 dicitur
787 1935 842 1970 οἰ-

35 1985 130 2027 ωνὸς
162 1984 327 2019 latissimo
352 1993 473 2025 sensu,
510 1994 576 2027 quo
615 1982 701 2015 alias
726 1979 841 2025 ὅρνις,

34 2044 111 2067 curn
135 2042 231 2065 omne
255 2030 308 2063 id
316 2029 509 2072 significat,
542 2040 583 2061 ex
607 2040 673 2073 quo
698 2039 841 2073 praesa-

32 2079 101 2123 giri
125 2079 260 2123 potest,
284 2075 367 2130 quid
391 2076 540 2107 futurum
565 2074 622 2108 sit.
655 2085 688 2108 v.
714 2074 839 2108 Tliom.

33 2125 126 2168 Mag
163 2124 242 2158 657.
277 2133 311 2156 v,
344 2119 503 2165 ὄρνιθες
541 2121 610 2164 jam
652 2120 717 2154 etsi
760 2120 837 2153 dolo

31 2169 183 2205 emiserit
231 2166 399 2213 crepitum
454 2167 648 2202 Mercurius
669 2191 679 2208 ‚
733 2166 837 2200 nihilo

31 2217 142 2250 minus
190 2222 303 2249 tamen
344 2213 466 2257 Apollo
522 2213 703 2256 augurium
756 2213 838 2246 inde

30 2266 160 2307 captat.
197 2272 274 2296 nam
302 2261 453 2293 faustum
487 2260 577 2304 apud
610 2259 766 2292 Graecos
798 2271 837 2292 o-

30 2319 106 2342 men
129 2312 205 2342 erat
229 2306 400 2351 crepitus,
434 2306 619 2338 infaustum
650 2305 742 2350 apud
767 2306 838 2338 Ro-

31 2365 157 2388 manos,
199 2358 504 2387 sternutamentum
527 2362 662 2395 quoque
686 2351 839 2395 pertine-

32 2399 94 2433 bat
123 2399 167 2433 ad
200 2399 361 2443 auguriaz
395 2410 429 2432 v.
466 2398 641 2442 Aristoph.
673 2401 734 2431 Av.
768 2398 836 2431 637

32 2445 158 2489 (719),
190 2445 303 2480 Feith.
336 2444 450 2488 Antiq.
477 2445 574 2478 Hom.
610 2455 643 2488 p.
679 2444 745 2477 132
768 2447 835 2479 etc.

32 2492 108 2524 vult
138 2490 248 2534 igitur
271 2491 588 2534 Merc.augur1um
622 2489 836 2522 inhonestius

30 2537 215 2570 honestiori
238 2536 409 2570 occultare
423 2540 445 2555 “
471 2541 538 2569 etc.
569 2536 623 2568 Ex
646 2536 714 2579 leg.
750 2535 836 2568 ridi-

29 2583 105 2617 cule
128 2583 215 2616 haec
239 2582 321 2615 ficta
345 2588 442 2624 sunt,
465 2593 529 2616 nec
554 2581 673 2626 inepte
699 2581 834 2614 Herma

29 2653 54 2670 ,,
71 2628 300 2668 Mercuriusff
322 2627 443 2671 inquit,
480 2625 763 2671 ,,καταπαρδών
786 2626 835 2660 'A-

27 2673 237 2715 πόλλωνος,
261 2678 299 2706 ut
323 2673 451 2707 Comici
473 2653 678 2719 l6quuntur‚
701 2673 835 2716 signifi-

27 2722 148 2762 cahat,
181 2731 299 2776 parum
332 2731 369 2752 se
402 2719 455 2752 ira
479 2719 645 2775 Apollinis
673 2719 819 2753 moveri‘
813 2720 834 2739 ‘⁶

27 2773 94 2800 etc.
117 2788 163 2793 --
188 2764 486 2808 ἀειρόμενος
515 2765 630 2809 μετά
656 2768 834 2809 χερσὶν,

26 2814 165 2847 elevans
196 2825 255 2854 se,
284 2811 358 2845 sive
390 2811 549 2855 erigens,
590 2813 681 2845 iuter
711 2823 835 2845 manus

26 2859 204 2904 Apollinis.
231 2879 272 2883 —
297 2856 507 2902 τλήμονα
533 2877 574 2882 -
600 2856 834 2902 ἀγγελιώ-

26 2917 130 2949 την,
154 2907 322 2938 audacem
345 2905 474 2938 ventris
492 2906 687 2946 famulum,
712 2916 832 2949 svper-

24 2952 103 2986 bum
124 2957 229 2998 atque
253 2952 485 2998 impudentem
508 2951 678 2988 nuntium.

934 1749 1148 1785 301—306.
1184 1747 1388 1794 Θάρσει,
1426 1752 1576 1795 confide,
1613 1754 1699 1788 bono

887 1796 1002 1828 animo
1028 1807 1072 1829 es.
1091 1796 1236 1829 ridicule
1254 1798 1319 1830 hoc
1339 1797 1442 1838 dixit,
1467 1798 1565 1842 quasi
1585 1798 1698 1834 Merc.

886 1853 971 1885 prae
994 1847 1085 1875 metu
1111 1843 1277 1887 crepitum
1302 1844 1464 1876 emiserit.
1486 1844 1559 1877 vult
1583 1851 1698 1880 autem

886 1899 975 1922 nunc
1007 1888 1104 1922 abire
1137 1889 1254 1922 taedio
1287 1889 1464 1923 insolentis
1497 1892 1620 1934 pueri,
1661 1898 1699 1926 et

887 1939 964 1978 post
988 1935 1095 1967 boves
1122 1941 1301 1980 repetere,
1334 1947 1410 1969 cum
1433 1936 1512 1977 ille,
1542 1939 1698 1981 quamvis

886 1979 944 2012 vix
977 1979 1139 2014 incedens
1170 1981 1314 2025 pedibus
1339 1983 1554 2028 (σπονδῇ
1578 1983 1696 2029 ἰών),

885 2025 997 2059 subito
1022 2026 1128 2067 exilit,
1152 2033 1188 2060 et
1211 2027 1255 2061 ad
1276 2028 1506 2064 conditionem
1522 2030 1629 2072 venit,
1652 2043 1696 2065 ue

884 2083 922 2105 re
936 2071 1044 2106 dilata
1056 2074 1163 2116 major
1181 2073 1248 2106 sibi
1264 2085 1379 2118 poena
1395 2075 1573 2109 subeunda
1582 2077 1637 2110 sit
1649 2095 1697 2103 —-

883 2116 992 2161 ἀμφ.
1028 2117 1105 2161 ὤμ.
1137 2117 1383 2162 ἐελμένος.
1406 2121 1459 2154 ita
1483 2122 1593 2156 Mosc.
1619 2124 1696 2158 vul·
1748 2133 1753 2145 ⁵

883 2176 927 2207 go
953 2165 1032 2198 edd.
1059 2164 1256 2216 ἑλιγμένος.
1281 2168 1323 2199 W
1353 2170 1389 2200 et
1411 2167 1460 2200 Β·
1494 2167 1693 2212 ἑλιγμένον.

883 2211 1125 2255 disputaturus
1146 2223 1283 2245 causam
1304 2224 1379 2246 cum
1397 2213 1552 2257 Apolline
1570 2215 1676 2250 Merc.
1681 2206 1708 2257 ,¹

883 2268 950 2300 quo
968 2258 1111 2290 liberius
1128 2259 1296 2303 loquatur,
1321 2259 1460 2299 fascias,
1486 2261 1607 2305 quibus
1633 2274 1694 2296 ca-

883 2307 947 2346 put
971 2304 1043 2346 ejus
1068 2304 1264 2338 obvolutum
1290 2310 1387 2345 erat,
1414 2307 1563 2350 excutit,
1599 2313 1633 2342 et
1655 2309 1694 2343 in

882 2349 1042 2382 humeros
1066 2350 1225 2406 conjicit,
1257 2354 1440 2408 tanquam
1456 2353 1603 2410 pallium.
1645 2356 1693 2389 cf.

882 2396 962 2429 388.
997 2408 1087 2440 παρ
1142 2393 1312 2438 οὔατα,
1349 2394 1440 2441 παρ’
1481 2397 1614 2434 ουάσιν
1648 2397 1693 2435 ὃν

882 2442 1108 2485 σπάργανον.
1147 2440 1265 2486 ἐελμ.
1289 2455 1390 2476 sensu
1416 2447 1608 2528 praeseugis
1632 2458 1693 2482 ac-

881 2487 1073 2531 cipiendum
1099 2492 1162 2522 est.
1186 2502 1220 2524 v.
1245 2491 1373 2523 matth.
1403 2493 1435 2532 g.
1461 2493 1586 2533 505,3
1589 2518 1597 2526 .

926 2532 1536 2592 308-319.ο’ρσοιοπεύεις,
1568 2544 1690 2584 terres,

880 2581 1076 2614 conturbas.
1108 2606 1131 2623 ,,
1122 2579 1340 2624 ,ὄρσολόπος
1356 2580 1465 2626 ’Ἄρης
1489 2595 1545 2628 ap.
1565 2588 1692 2622 Anacr.

879 2624 914 2657 in
940 2622 1066 2670 fragm.
1111 2629 1282 2669 occurrit,
1323 2626 1596 2674 ὀρσολοπέομαι
1632 2643 1691 2677 ap.

879 2672 1038 2728 Aeschyl.
1071 2673 1170 2708 Pers.
1204 2676 1281 2709 12.ς
1272 2677 1295 2693 “
1329 2675 1384 2707 Ex
1409 2676 1548 2719 1154-
1579 2676 1689 2715 ἐπεὶ

878 2736 924 2740 -
949 2716 1180 2761 ἐρέεινον,
1214 2726 1396 2765 postquam
1420 2724 1562 2768 singula
1587 2736 1690 2758 accu-

878 2768 956 2804 rote
973 2765 1262 2809 disceptaverunt.
1281 2785 1325 2790 —
1343 2768 1482 2802 olon'
1465 2782 1482 2803 ο
1474 2750 1595 2812 ῠλος,
1613 2772 1689 2805 ovi-

878 2821 935 2842 um
957 2817 1080 2854 custos,
1104 2812 1243 2855 νόμιος.
1258 2832 1302 2837 -
1319 2810 1474 2858 ἀμφὶς
1496 2818 1538 2850 θ.
1564 2830 1608 2861 εχ
1620 2831 1689 2852 ον-

879 2868 968 2898 τες,
1005 2858 1187 2892 discordes.
1229 2878 1275 2884 ——
1315 2860 1433 2894 Herm.
1445 2888 1456 2904 ‚
1496 2863 1556 2908 qui
1592 2864 1689 2898 dedit

879 2906 1019 2946 φωνεῖν
1045 2915 1105 2948 pro
1131 2903 1282 2949 φωνήνε
1310 2930 1333 2947 ,,
1326 2907 1440 2948 jure,
1473 2908 1605 2954 inquit,
1638 2914 1689 2943 A-

876 2950 968 2995 pollo
992 2962 1028 2987 ο(
1031 2952 1255 2996 mpwheudez
1258 2957 1295 2989 at
1314 2958 1458 2999 propter
1476 2956 1576 2992 boves
1590 2958 1687 2995 Mer-
