1821 3288
124 137 209 178 388
489 133 807 176 ADDENDA
850 132 932 173 ET
977 133 1409 178 EMENDANDA.
1745 162 1758 183 x

125 245 340 289 scribamque
364 243 518 289 σταδίην
550 241 720 288 ὗσμίνην.
762 244 858 287 atqui
894 245 1015 278 auctor
1049 246 1103 279 est
1135 245 1252 282 Scbol.
1276 248 1325 287 Α,
1361 243 1591 280 Aristarchum
1627 242 1782 288 posuisse

127 292 193 336 σφὶ
218 291 346 334 σταδίῃ
371 290 445 325 sine
469 304 509 332 ν,
541 292 634 336 quod
659 290 832 324 invenerit
854 290 889 323 in
913 289 1112 324 recensione
1137 290 1390 336 Aristophanis.
1424 291 1460 325 id
1485 301 1582 323 secus
1605 290 1783 333 interpre-

127 345 218 371 tatus
243 348 319 370 esse
343 336 423 369 mihi
447 337 583 371 videtur
608 338 743 380 Heyn„
768 347 843 368 cum
867 335 1061 370 Aristarchi
1086 337 1303 371 mutationem
1327 338 1361 371 iu
1386 350 1426 371 eo
1455 335 1649 370 constitisse
1671 340 1782 380 putat,

128 383 218 428 quod
245 382 311 425 σφὶ
335 381 469 416 dederit
493 394 554 428 pro
581 387 687 424 σφίν.ι
728 392 818 425 quae
843 392 899 414 res
922 381 980 415 vix
1005 382 1108 427 digna
1132 382 1199 415 suit
1230 388 1360 416 notatu.
1399 385 1464 416 imo
1489 382 1677 426 scripserat
1704 379 1782 414 Ari-

128 429 314 473 stophanes
339 430 504 473 σταδίην,
534 427 752 461 Aristarchus
776 433 886 460 autem
912 427 1040 460 delevit
1064 427 1105 463 τὸ
1123 441 1156 469 ν,
1184 428 1365 472 posuitque
1389 441 1449 462 suo
1473 427 1628 474 periculo
1654 427 1783 472 σταδίῃ

127 472 277 520 ὑσμίνῃ.
301 486 391 519 quae
415 475 443 508 si
470 475 696 519 probabiliter
719 473 1120 517 disputavimus,redeat
1142 485 1227 507 saue
1252 474 1455 518 postliminio
1479 474 1585 518 proba
1611 472 1784 517 scriptura

129 521 390 565 Aristophanen.
427 540 467 545 —
502 520 580 553 759.
606 519 683 552 dele
705 519 871 562 virgulam
905 525 985 552 ante
1005 516 1225 563 'Adcipimtoi
1258 519 1374 553 eodem
1400 520 1496 554 modo
1520 519 1664 553 inferius
1687 528 1784 551 erra-

130 571 200 600 tum
225 572 278 600 est
301 568 380 601 771.
406 566 449 598 de
465 566 544 599 Asio
570 577 604 598 v.
631 564 677 610 β’,
700 565 779 599 837.
803 584 848 589 --·
872 566 951 598 824.
976 575 1053 600 ann,
1077 571 1156 611 post
1179 566 1285 599 verba
1307 566 1356 598 sic
1384 566 1472 599 Tell.
1494 584 1538 590 -—
1562 563 1676 611 η”τοι
1700 565 1784 598 haec

131 613 237 647 addas
260 612 378 645 velim:
405 610 464 644 sed
488 611 701 643 scribendum
726 605 812 653 ἧται
837 613 954 645 eodem
977 622 1090 645 sensu.

227 658 282 698 Ξ,
307 659 339 691 6.
367 657 558 701 pleonasmo
582 656 744 689 familiari
767 657 855 690 dixit
885 655 1010 700 θερμοὶ
1047 656 1177 700 λοετρὰ
1199 654 1390 700 θερμήνῃ,
1423 666 1465 688 ne
1488 655 1571 700 quid
1595 653 1786 689 novandum

132 709 245 749 putes.
267 722 313 727 —-
335 703 392 737 31.
419 702 527 735 malim
551 713 640 736 nunc
663 700 729 742 τοῖς
753 701 781 736 τ’
807 701 854 744 ἒὶρ
880 704 1027 746 πρώτας
1051 711 1138 738 etc.:
1176 714 1286 746 neque
1312 703 1398 736 enim
1423 713 1564 734 necesse
1588 708 1659 742 est,
1699 701 1786 734 haee

133 749 260 793 opponi
286 748 531 792 superioribuS.
574 767 619 773 —
657 749 713 782 77.
740 760 817 782 ann.
844 748 919 784 dele
944 749 1060 783 vocab.
1094 750 1284 783 altioribus.
1318 765 1364 773 -—-
1405 750 1482 782 102.
1509 746 1627 782 ἔνθα
1650 758 1698 781 κε
1729 744 1784 788 σή

133 797 187 841 βο
202 791 287 837 υλὴ
313 797 332 829 ὸ
347 793 553 838 ηλήσετα
566 808 588 827 ι.
615 793 738 840 putide
760 795 898 828 dictum.
924 796 1111 829 scribamus
1136 795 1349 838 δηλώσεται,
1366 795 1585 836 manifestum
1600 795 1668 837 fiet
1690 798 1786 827 tunm

134 841 330 880 consilium,
355 844 454 884 quale
478 841 534 874 sit.
558 841 624 875 fut.
651 837 748 873 medii
775 849 974 886 usurpatum
1002 853 1062 886 pro
1085 841 1236 885 passivi,
1272 852 1365 874 more
1389 841 1624 881 Graecorum3
1649 851 1678 872 ω
1703 842 1738 871 et
1760 849 1785 881 η

135 887 276 920 confusa
299 892 396 927 sunt,
421 891 460 918 ut
485 886 610 928 odyss.
636 884 688 926 ω’,
713 887 791 921 379.
815 906 859 911 -—
886 889 961 922 114.
988 893 1058 920 not.
1084 898 1151 921 scr.
1177 887 1337 920 omisisse.
1357 901 1401 910 —-
1428 887 1503 920 116.
1523 885 1633 918 malim
1657 880 1786 918 ‹iiusvv-

133 950 180 958 -—
205 935 267 966 141
295 943 372 965 ann.
397 931 446 965 ita
469 932 637 965 scribito:
666 953 712 958 —-
749 933 881 974 „habet
905 933 1147 976 δερκομένου,
1179 932 1319 978 prolatis
1350 935 1460 964 tamen
1484 930 1665 974 similibus,
1698 941 1788 975 quae

134 978 322 1021 leguntur“
347 982 415 1011 etc.
439 997 486 1001 ——
511 978 587 1012 156.
616 989 692 1011 ann.
717 989 804 1011 scr.:
831 977 869 1020 ζ’,
894 979 972 1014 344.
997 997 1042 1004 -·
1067 981 1143 1014 170.
1169 1000 1239 1019 ,‚—
1251 975 1422 1021 καθάπερ
1447 976 1489 1010 τὸ
1514 975 1690 1016 κάλλος
1724 973 1788 1010 ἄλ-

136 1023 290 1067 λαχοῦ.“
313 1023 393 1056 hinc
416 1023 533 1056 eodem
559 1035 659 1056 sensu
678 1024 839 1068 Apuleius
861 1025 951 1058 dixit
966 1027 1227 1068 formositatem
1247 1025 1375 1058 mecei.
1403 1024 1521 1067 p.180.
1542 1023 1596 1057 ed.
1621 1021 1786 1055 Plautia:

137 1070 231 1103 Petit
255 1071 298 1103 dc
319 1075 354 1103 te
384 1069 513 1110 Venus,
547 1071 672 1112 dicito,
704 1071 873 1103 modicum
904 1078 938 1104 te
961 1078 1021 1104 tua
1044 1072 1164 1105 mittas
1188 1071 1220 1103 ei
1242 1071 1487 1112 formositate,
1521 1070 1577 1102 vel
1601 1069 1648 1102 ad
1682 1079 1788 1101 unam
1820 1072 1821 1098 ἒ

137 1117 259 1150 saltem
283 1116 454 1148 dieculam
478 1117 674 1157 sufficiens.-
709 1127 790 1148 nam
814 1117 904 1159 quod
929 1117 1068 1158 habuit,
1104 1118 1184 1149 dum
1201 1117 1317 1159 filium
1341 1121 1440 1148 curat
1465 1120 1668 1160 aegrotum,
1707 1122 1802 1147 con--¹

136 1163 256 1195 sumsit
280 1167 383 1204 atque.
407 1162 571 1194 contrivit
594 1172 700 1194 omne.
749 1162 818 1194 Sed
850 1162 945 1195 hund
978 1163 1194 1195 immaturius
1217 1163 1352 1203 redito,
1383 1162 1465 1205 quia
1499 1171 1713 1194 menecesse
1736 1165 1787 1192 cst

137 1209 291 1241 indidem
325 1207 505 1239 delinitam
539 1207 711 1239 theatrum
743 1207 884 1239 deorum
909 1210 1148 1251 frequentare.
1192 1211 1228 1240 et
1264 1207 1364 1251 paulo
1399 1212 1496 1250 post:
1537 1207 1641 1245 Ecce,
1677 1206 1787 1249 inquit

137 1252 328 1295 (Psyche),
363 1253 484 1294 inepta
508 1263 573 1296 ego
599 1253 739 1285 (livinae
757 1253 990 1294 formositatis
1013 1255 1160 1298 gerula,
1192 1264 1279 1296 quae
1311 1264 1353 1285 ne
1375 1253 1552 1286 tantillum
1575 1252 1711 1295 quidem
1732 1252 1788 1283 ἰπ-

138 1300 252 1331 didem
276 1298 361 1331 mihi
385 1299 516 1338 delibo,
541 1298 595 1330 vel
623 1299 670 1330 sic
694 1299 746 1330 illi
770 1301 921 1332 amatori
943 1311 1016 1333 mco
1033 1301 1189 1341 formoso
1211 1298 1399 1341 placitura.
1446 1298 1494 1330 Et
1518 1308 1594 1329 cum
1616 1297 1709 1330 dicto
1732 1307 1788 1329 re—

137 1352 231 1378 serat
252 1344 434 1388 pyxidem,
457 1355 518 1376 nec
542 1344 727 1387 quidquam
750 1345 797 1377 ibi
820 1356 952 1385 rerum,
977 1357 1038 1377 uec
1055 1344 1260 1387 formositas
1282 1345 1373 1385 ulla,
1397 1343 1457 1376 scd
1481 1344 1634 1385 infernus
1654 1352 1789 1375 somnus

138 1396 203 1423 etc.
229 1409 273 1414 —-
300 1391 378 1424 171.
403 1389 492 1422 haud
516 1388 668 1422 deterius
694 1390 784 1422 soret
809 1391 890 1424 hoc:
917 1391 1094 1430 ἀλείψατο
1134 1388 1171 1424 δ’
1197 1386 1249 1423 αὖ
1270 1387 1345 1423 λίπ’
1370 1389 1491 1431 ἐλαίῳ.
1516 1401 1551 1422 v.
1575 1399 1652 1420 ann.
1677 1388 1720 1421 ad
1742 1386 1786 1432 ν’,

137 1437 225 1476 366,
250 1440 285 1468 et
310 1436 352 1468 de
377 1435 496 1468 addito
521 1430 569 1468 αὖ
596 1435 721 1479 odyss,
746 1434 786 1474 ε’,
810 1438 889 1470 221.
927 1437 1120 1470 memoriter
1143 1437 1266 1469 Athen.
1291 1435 1346 1470 15.
1372 1447 1403 1479 p.
1431 1435 1499 1470 688
1519 1434 1584 1474 1)-,
1623 1444 1689 1477 quo
1713 1433 1792 1477 loct}

137 1482 222 1515 citat
245 1491 363 1514 versus
389 1482 455 1515 170
477 1501 522 1506 —-
548 1480 643 1514 174:
684 1479 864 1525 ἀλείψατο
898 1481 938 1517 δὲ
974 1481 1068 1525 χρόα
1100 1482 1239 1516 λευκόν.
1266 1500 1310 1506 -
1346 1483 1421 1517 173.
1449 1480 1548 1525 paulo
1581 1479 1701 1513 durior
1735 1486 1789 1514 est

137 1528 224 1560 haec
246 1526 485 1570 interpretatio
509 1527 689 1559 verborum
715 1532 813 1570 χαλκ.
840 1529 912 1569 oni,
937 1530 1115 1572 satiusque
1138 1528 1180 1561 ad
1206 1540 1246 1561 ea
1270 1539 1407 1572 quoque
1431 1526 1558 1560 referri
1582 1523 1618 1565 ἐς
1642 1536 1788 1571 praepo—

137 1573 313 1614 sitionem,
351 1578 387 1604 ut
410 1572 627 1614 ingrediente
650 1572 735 1606 Jove
771 1580 806 1605 et.
836 1574 951 1607 domus
983 1575 1056 1617 ejus
1079 1586 1186 1607 aenea
1209 1580 1244 1607 et
1275 1581 1370 1606 terra
1393 1578 1499 1617 atque
1527 1574 1656 1606 coelum
1683 1572 1789 1606 odore

137 1619 295 1663 perfundi
319 1618 517 1651 suavissimo
543 1618 711 1651 dicantur.
736 1618 785 1652 sic
811 1620 936 1663 Odyss.
965 1618 1013 1661 α’,
1036 1621 1113 1653 93.:
1146 1619 1276 1662 πέμπω
1311 1617 1352 1654 δὲ
1376 1618 1555 1662 Σπάρτην
1585 1630 1624 1652 τε
1658 1618 1720 1652 καὶ
1751 1616 1788 1657 ἐς

136 1663 285 1704 Πύλον,
310 1663 367 1695 ubi
391 1674 425 1695 v.
453 1674 528 1695 ann.
557 1674 747 1707 quanquam
772 1670 807 1698 et
830 1665 976 1708 intelligi
999 1670 1112 1709 potest
1136 1663 1172 1705 ἐς
1196 1664 1406 1708 praepositio
1428 1664 1463 1698 in
1486 1667 1586 1707 χαλκ.
1607 1664 1673 1706 διδ,
1697 1664 1788 1698 sicut

137 1710 261 1755 passim
285 1708 491 1752 intelligitur
515 1707 549 1741 in
575 1711 689 1743 verbis
712 1711 888 1751 movendi,
931 1712 995 1744 hoc
1020 1712 1156 1744 ordine:
1191 1712 1263 1744 τοῦ
1293 1711 1355 1746 καὶ
1390 1708 1511 1754 ‹iiii-pn)
1548 1711 1644 1745 ἵκετο
1671 1710 1788 1754 ἔμπης

136 1760 236 1800 zarin.
262 1756 328 1796 δώ,
352 1752 388 1794 ἐς
412 1752 523 1798 γαῖάν
550 1767 587 1790 τε
610 1756 671 1790 καὶ
697 1755 790 1798 οὐρὴ,
815 1756 905 1796 Διὸς
927 1770 997 1792 κιν.
1021 1758 1120 1791 ποσί.
1136 1778 1182 1783 —-
1199 1756 1278 1792 234.
1305 1752 1327 1801 ἦ
1349 1755 1442 1799 μέν.
1465 1758 1514 1790 sic
1537 1755 1673 1799 plurimi
1689 1756 1786 1791 codd.

136 1808 172 1838 et
195 1804 326 1846 Eustm
338 1800 398 1845 qui
421 1806 583 1834 memorat
607 1802 809 1846 scripturam
832 1804 1021 1836 variantem
1047 1804 1081 1837 εἰ
1102 1802 1179 1846 μέν.
1205 1808 1323 1836 contra
1347 1803 1464 1836 Schol.
1486 1802 1602 1847 Lips.:
1629 1802 1672 1836 εἰ
1690 1800 1786 1846 μέν.

135 1861 190 1893 γρ.
216 1847 277 1882 καὶ
302 1847 345 1891 ή,
387 1846 481 1881 κατὰ
505 1846 593 1886 τούς
616 1847 809 1894 παλοςιούς.
841 1850 876 1884 εἰ
897 1847 962 1892 μὲν
989 1850 1113 1883 habent
1136 1850 1290 1892 Bergler.
1329 1855 1365 1883 et
1387 1850 1464 1884 edd.
1491 1848 1637 1893 Steph.;
1670 1859 1786 1882 verum

136 1906 247 1938 neque
270 1893 334 1926 hoc
358 1904 469 1937 neque
493 1893 666 1938 vulgatum
690 1894 712 1938 η’
737 1893 804 1939 μὲν
836 1895 1023 1940 ponendum
1058 1897 1144 1935 fuit,
1178 1896 1238 1928 sed
1262 1893 1373 1940 ἠμὲν,
1407 1895 1462 1928 cui
1487 1894 1675 1938 respondet
1707 1891 1785 1939 η’ὅέ.

137 1954 170 1975 v.
194 1952 270 1975 ann.
296 1939 339 1972 ad
361 1939 487 1983 Odyss
511 1938 562 1979 θ’,
585 1939 663 1974 333.
686 1961 732 1966 —
756 1941 834 1975 245.
861 1953 958 1975 anm:
983 1947 1269 1983 „consentaneum
1293 1942 1628 1986 est—indulgere.“
1650 1940 1786 1984 longius

134 1987 285 2031 repetita
308 1985 405 2018 ratio.
432 1985 496 2018 imo
520 1984 758 2030 βαθύῤῥοος,
783 1988 1011 2032 βαθυδίνης,
1046 1988 1203 2021 Oceanus
1229 1999 1367 2032 magnos
1391 1987 1557 2031 strepitus
1579 1986 1668 2027 ciet,
1700 1993 1793 2032 quos‘

134 2032 229 2077 ipsos
251 2043 288 2064 se
312 2031 492 2075 consopire
518 2043 618 2075 posse
640 2034 691 2066 ait
716 2033 869 2067 Somnus.
894 2034 1052 2078 apposite
1077 2033 1263 2078 Aeschylus
1288 2035 1400 2067 Prom.
1429 2035 1528 2068 137.:
1567 2033 1642 2077 Τῆς
1672 2035 1786 2067 πολυ-

134 2078 264 2112 τέκνου
302 2075 453 2120 Τηθύος
485 2075 616 2119 ἔκγονα
653 2079 731 2113 Τοῦ
754 2080 836 2120 περὶ
877 2080 998 2114 ’.εᾶσάν
1032 2077 1078 2114 θ’
1106 2079 1353 2121 εἱλισσομένου
1391 2077 1512 2114 Χθόν’
1536 2076 1784 2124 ἀκοιμήτῳ

134 2124 291 2168 ῥεύματι
313 2124 445 2162 παῖδες
468 2123 616 2165 Πατρός
644 2123 835 2161 Ὠκεανοῦ.
870 2145 916 2150 ——-
945 2126 1025 2160 259.
1061 2125 1273 2166 „Commode
1310 2126 1391 2160 Nox
1423 2124 1628 2165 intervenit,
1664 2130 1785 2168 utpote

134 2171 252 2203 Somni
292 2175 418 2202 mater:
468 2168 607 2205 Hesiod.
649 2171 785 2215 Theog.
817 2171 896 2205 758.
934 2171 1058 2205 Noctis
1096 2178 1230 2213 autem,
1277 2171 1532 2217 antiquissimae
1574 2182 1647 2204 cum
1687 2170 1786 2210 Chao*

133 2217 238 2258 deae,
262 2226 386 2259 magna
410 2214 637 2248 auctoritas.“
684 2216 739 2250 Ex
763 2217 898 2261 Heynei
921 2216 1104 2251 annotatis.
1121 2236 1167 2241 —
1184 2219 1264 2251 270.
1288 2229 1354 2253 scr.
1372 2217 1522 2262 χήρατο.
1543 2235 1579 2241 -
1599 2216 1678 2253 347.
1701 2227 1782 2250 ann.-

133 2273 224 2298 vers.
262 2260 316 2296 14.
352 2265 388 2294 et
420 2261 473 2296 15.
508 2260 672 2295 delendae
704 2267 782 2295 sunt
822 2263 978 2306 virgulae
1020 2268 1098 2308 post
1129 2264 1236 2297 verba
1269 2266 1335 2298 alit
1367 2270 1402 2298 et
1447 2274 1597 2307 corpore.
1626 2281 1673 2288 ——
1702 2263 1780 2307 382.

133 2306 280 2345 ἐσθλοὶ
302 2308 308 2350 Ι
329 2304 413 2349 μὲν
437 2304 610 2347 ἐσθλὸς
632 2307 637 2351 Ι
660 2305 812 2349 ἔδυνε,
835 2310 840 2352 Ι
869 2308 1014 2354 χέρηα
1037 2311 1127 2354 lete.
1158 2310 1288 2343 numeri
1321 2310 1526 2350 uniformes,
1560 2308 1791 2353 continuique

133 2355 201 2389 duo
224 2351 479 2397 amphibrachi,
505 2352 563 2397 qui
589 2354 697 2388 solent
720 2353 836 2388 vitari.
862 2365 895 2388 v.
917 2355 958 2390 Il.
985 2353 1037 2399 φ’,
1063 2354 1132 2389 244
1157 2362 1224 2389 etc.
1250 2359 1308 2389 aut
1328 2356 1465 2390 multum
1488 2367 1553 2399 ego
1579 2355 1699 2396 fallor,
1723 2358 1793 2388 aut*

132 2399 223 2433 dixit
247 2400 386 2442 elegans
415 2401 515 2441 poeta
540 2399 645 2440 δῦνε,
671 2403 711 2433 ut
734 2398 885 2440 ἐσθλὸς,
910 2403 1030 2436 vocab.
1057 2412 1185 2445 grave,
1209 2402 1322 2436 sedem
1347 2402 1445 2436 istam
1469 2412 1589 2435 versus
1611 2401 1783 2444 integram·

131 2450 286 2490 occupet·
312 2463 351 2468 —
375 2444 455 2477 385·
482 2441 571 2484 ἄορ
596 2464 642 2469 --
667 2445 858 2481 εἴκελον
882 2444 1151 2494 ἀστεροπῇ.ἰ
1175 2447 1270 2491 Virg.
1293 2450 1376 2484 Aen.
1401 2451 1443 2492 9,
1468 2447 1569 2483 441.=
1603 2452 1699 2480 rotat
1721 2457 1780 2480 en-

131 2504 202 2526 sem
225 2491 449 2524 Fulmineum.
480 2508 525 2514 ·-
550 2492 628 2524 399.
655 2488 764 2527 ὅστε
798 2491 1001 2535 μάλιστα
1024 2493 1146 2537 μέγα
1184 2494 1417 2537 βρέμεται
1455 2494 1778 2538 χαλεπαίνων.

130 2537 341 2582 Berglerus:
364 2536 421 2579 qui
445 2535 590 2568 maxime
612 2549 778 2582 magnum
794 2540 930 2581 fremit.
954 2540 1048 2574 itane
1071 2538 1163 2584 loqui
1188 2539 1395 2574 Homerum?
1426 2540 1484 2574 vix
1509 2540 1680 2582 arbitror,
1703 2549 1778 2572 ma-

130 2583 274 2626 limquet
297 2583 382 2628 ῄστε
405 2583 488 2623 μαλ.
513 2582 775 2627 μεταβρέμεται
798 2587 902 2628 zai„
927 2588 1045 2630 quibus
1067 2586 1213 2619 maxime
1236 2587 1397 2632 immugit
1420 2588 1554 2628 iratus3
1591 2586 1644 2620 vel
1667 2583 1777 2627 οἷστε,

129 2629 303 2663 intellecto
325 2626 533 2669 ὸενδρέοις,
557 2640 643 2672 quae
669 2631 824 2674 subjecta
849 2636 901 2664 est
925 2633 1017 2667 notio
1041 2633 1082 2667 τὸ
1111 2632 1239 2671 devisi:
1273 2644 1387 2677 neque
1418 2633 1505 2668 enim
1530 2641 1676 2677 quercus
1699 2636 1778 2664 tan-

130 2680 199 2709 tum
224 2674 427 2717 cogitandae
451 2681 549 2712 sunt,
574 2673 632 2706 sed
659 2677 850 2718 generatim
882 2679 1039 2720 arbores,
1076 2681 1115 2711 ut
1140 2678 1234 2722 Virg.
1257 2678 1279 2714 l.
1305 2690 1355 2720 c.‚
1380 2691 1449 2726 quo
1472 2679 1563 2712 hunc
1587 2677 1776 2722 expressitx

128 2727 168 2754 ut
192 2720 362 2765 quondam
381 2719 482 2773 'silvis
515 2719 753 2756 immurmurat
783 2727 909 2756 auster.
943 2725 1033 2769 quod
1056 2723 1180 2758 attinet
1203 2723 1246 2758 ad
1269 2717 1378 2771 ᾖστε,
1412 2738 1445 2760 v.
1469 2736 1546 2759 anu.
1571 2723 1614 2758 ad
1639 2723 1709 2757 Od.
1733 2721 1775 2766 ²!-

126 2767 206 2801 28‘4.
230 2768 510 2811 μεταβρεμεται,
549 2766 638 2808 quod
678 2767 892 2813 ἐμβρέμεται
922 2769 1007 2804 dicit
1031 2768 1075 2812 o‘,
1100 2770 1188 2811 626,
1223 2774 1258 2803 et
1290 2769 1384 2813 μετὰ
1406 2783 1468 2817 pro
1502 2769 1563 2806 s’v.·
1593 2781 1628 2804 v.
1652 2767 1694 2811 o',
1715 2769 1773 2813 96,

128 2813 195 2847 118
219 2817 286 2845 etc.
310 2823 416 2854 saepe
435 2811 578 2864 ⁰⁰‚¹¹f}¹⁵²²
601 2823 622 2854 y
646 2816 681 2845 et
704 2827 744 2857 τ,
768 2814 913 2858 ipsaque
936 2817 1043 2850 verba
1061 2815 1151 2860 μέγα
1175 2818 1210 2849 et
1232 2817 1391 2860 μετά.-
1416 2818 1495 2853 515.
1512 2828 1578 2850 scr.
1603 2813 1772 2860 ἐνήρατο.

216 2859 259 2899 Ο,
283 2859 341 2892 21.
366 2867 430 2889 scr.
456 2858 654 2898 ηλαστευν,
683 2863 720 2892 ut
741 2859 886 2901 πιέζευν
918 2862 1045 2906 Odyss.
1070 2861 1118 2904 μ’,
1146 2861 1212 2896 174
1236 2868 1301 2897 etc.
1339 2863 1459 2908 quidni
1491 2862 1578 2897 enim
1602 2872 1773 2907 propage-

124 2912 196 2936 mus
220 2903 274 2954 id,
305 2904 394 2947 quod
419 2902 521 2954 semel
546 2913 608 2935 usu
631 2909 806 2949 receptum
831 2906 974 2950 scimus,
998 2909 1156 2953 quodque
1180 2912 1287 2942 metro
1311 2909 1494 2953 congruit?
1524 2909 1576 2942 sic
1599 2908 1700 2942 etiam
1722 2904 1771 2948 π’,

122 2950 202 2983 743.
228 2948 395 2992 ενεργεῦς
429 2948 623 2991 scripserim
659 2960 720 2991 pro
754 2948 930 2996 εὕεργέος.
957 2973 995 2978 -
1020 2955 1076 2989 25.
1094 2952 1378 2999 venenarios,
1410 2959 1554 3000 propter
1577 2954 1767 2988 Herculem.

121 2994 229 3038 &wit-
253 3006 388 3038 ‹musae›
415 2992 458 3027 de
482 3004 548 3039 ‘1¹³0
572 2993 615 3030 “d
638 2993 685 3040 β’»
702 2995 769 3033 455
792 3003 859 3033 etc·
883 3017 929 3024 —
951 3000 1009 3040 26.
1032 3010 1098 3037 scr.
1119 2998 1244 3047 βορέῃ,
1266 3008 1302 3038 et
1325 3007 1445 3039 contra
1466 3001 1639 3047 Θυὲλλας,
1663 3010 1767 3048 quon-
