1821 3251
24 93 111 131 ‘S
728 89 1129 133 ΟΜΗΡΟΥ
1464 79 1514 129 ἰ

171 204 224 245 10
252 197 332 241 τὸν
360 197 504 251 ξεῖνον
532 196 799 267 δύστηνον’
780 197 855 256 οἵγ’
886 199 931 252 ἐς
958 200 1108 253 πόλιν,
1139 199 1247 256 ὄφρ’
1281 201 1340 246 ἂν
1368 201 1507 250 ἐκεῖθι

253 257 381 298 δαῖτα
409 255 637 313 πτωχεύῃ·
668 256 797 299 δώσει
826 256 873 300 δέ
904 260 968 311 οἱ,
998 258 1058 327 ὅςι
1077 256 1121 303 κ’
1149 259 1361 331 ἐθέλῃσι,

253 311 450 364 πύρνον,
480 314 553 355 καὶ
570 311 792 381 κοτύλην·
823 312 896 385 ἐμὲ
926 315 969 358 6’
1003 315 1154 366 οὔπως
1187 316 1304 359 ε’στιν
1334 315 1530 370 ἅπαντας

255 367 522 421 ἀνθρώπους
552 367 807 424 α’νέχεσθαι,
839 370 994 426 ε’χοντά
1021 389 1101 424 περ
1135 372 1267 428 ἄλγεα
1281 377 1441 443 θυμῷ.

256 423 281 466 ὁ
313 425 453 475 ξεῖνος
483 423 527 467 6’
557 427 677 479 εἴπερ
706 425 824 481 μάλα
854 429 1020 497 μηνίει,
1052 429 1205 499 ἄλγιον
1235 427 1356 484 αὐτῷ

172 483 224 525 15
255 481 446 524 ἐΗσσεται
475 499 512 535 *η
542 483 628 536 γάρ
668 483 762 537 ἐμοὶ
793 482 890 536 φίλ’
929 482 1097 540 ἀληθέα
1126 486 1460 542 μυθήσασθαι.“

338 537 429 580 Τὸν
459 537 500 581 6'
535 522 884 608 ἀπαμειβόμενος
912 541 1116 610 προσέφη
1144 543 1386 598 πολύμητις
1410 542 1669 595 Ὀδυσσεύς·

253 589 318 647 ,,ὦ
349 596 492 649 φίλος,
525 594 629 638 οὐδὲ
660 612 730 638 τοι
761 594 897 647 αὐτός
927 596 1165 650 ἐρύκεσθαι
1194 602 1423 670 μενεαίνω

255 655 414 710 πτωχῷ
444 650 651 718 βέλτερόν
680 651 769 694 ἐστι
797 653 908 696 κατὰ
937 653 1091 698 πτόλιν
1120 653 1198 726 ἠὲ
1201 654 1300 697 κατ’
1333 655 1496 711 ἀγρούς

255 697 395 750 δαῖτα
390 709 674 778 πτωχεύειν
706 707 838 753 δωσει
868 709 914 752 ὁέ
943 727 1040 764 μοι,
1074 711 1122 761 ός
1151 709 1198 753 κ’
1230 711 1444 767 ἐθέλῃσιν.

169 769 226 810 20
257 762 313 806 οὕ
343 780 428 817 γαρ
459 763 530 806 ἐπὶ
560 770 798 820 σταθμοῖσι
826 766 971 836 μένειν
1001 768 1062 811 ἔτι
1091 769 1266 823 τηλίκος
1296 768 1393 821 εἰμὶ,

255 818 361 862 ὥστ’
388 804 706 892 ἐπιτειλαμένῳ
746 822 988 893 σημάντορι
1015 824 1159 867 πάντα
1188 825 1415 867 πιθέσθαι.

254 875 354 918 ἀλλ’
385 876 532 948 ἔρχευ·
563 878 635 932 ἐμὲ
666 878 717 922 δ’
728 878 830 931 ἄξει
860 879 970 936 ἀνὴρ
1001 881 1097 934 ὅδε,
1128 880 1205 924 τὸν
1235 881 1288 924 σύ
1319 878 1528 932 κελεύεις,

255 930 417 987 αὐτίκ’,
445 935 539 978 ε’πεί
567 951 615 978 κε
644 935 785 1007 πυρός
813 937 978 1011 θερέω,
1008 936 1111 993 ἀλέη
1139 953 1184 981 τε
1214 937 1391 993 γένηται

260 991 414 1043 (αἶνως
426 991 527 1057 γὰρ
558 992 662 1035 τάδε
692 993 833 1048 ει’ματ’
863 993 943 1049 ἔχω
973 995 1125 1063 κακά),
1155 1012 1213 1049 μη
1246 1010 1303 1055 με
1329 992 1531 1051 δαμάσσῃ

172 1051 226 1095 25
258 1048 382 1117 στίβη
411 1046 598 1116 ὑπηοίη·
631 1049 791 1092 ἕκαθεν
821 1050 867 1093 δέ
898 1066 943 1093 τε
977 1050 1088 1094 ἄστυ
1120 1050 1230 1106 φάτ’
1262 1054 1416 1094 εἰναι“

323 1102 408 1155 Ὡς
434 1104 573 1158 φάτο·
608 1107 857 1161 Τηλέμαχος
887 1106 933 1150 δὲ
963 1108 1035 1151 διὰ
1066 1112 1281 1163 σταθμοῖο
1311 1106 1508 1174 βεβήκει,

257 1161 448 1214 κραιπνὰ
477 1162 583 1205 ποσὶ
589 1164 847 1234 προβιβὰς,
877 1165 991 1207 κακοὶ
1016 1165 1069 1234 ,δε
1097 1168 1339 1220 μνηστῆρσι
1367 1163 1569 1221 φύτευεν

260 1216 402 1271 αὐταρ
437 1218 528 1261 ἐπεί
559 1218 599 1271 ῥ’
632 1221 753 1262 ι’κανε
785 1220 951 1275 δόμους
979 1220 1337 1294 εὐναιετάοντας,

256 1274 379 1328 ε’γχος
409 1290 488 1328 μεν
522 1279 654 1347 στῆσε
681 1276 794 1330 πρὸς
824 1280 954 1320 κίονα
984 1277 1157 1332 μακρόν
1188 1277 1377 1332 ἐρείσας,

174 1336 229 1376 30
261 1330 394 1383 αι’τός
424 1330 468 1377 δ’
502 1333 603 1376 εἴσω
634 1334 721 1387 ἴεν,
753 1334 827 1379 καὶ
859 1333 1029 1395 ὑπέρβη
1059 1335 1217 1379 λα’·ινον
1248 1334 1399 1379 οὐδόν

135 1479 299 1514 10-15.
348 1480 420 1514 Am.
444 1479 490 1519 Q.
525 1480 610 1516 τόν
633 1481 795 1525 ξεῖνον
823 1482 896 1518 δυ’-

89 1535 202 1568 στην
217 1538 279 1558 ον
354 1526 504 1570 (excidit
554 1528 689 1573 signum
729 1529 898 1572 criticum,

89 1581 155 1613 quo
182 1570 360 1604 articuium
387 1584 426 1604 eo
450 1573 526 1605 loco
552 1586 581 1618 p
588 1575 697 1608 situm
718 1581 900 1610 notaverat

91 1617 235 1670 Schol.)
262 1618 356 1660 πρὸς
379 1615 448 1660 τὴν
473 1619 540 1652 τοῦ
569 1618 717 1663 ἄρθρου
743 1621 900 1658 μετάθε-

90 1674 161 1696 σιν.
222 1660 354 1706 ὅμοιόν
388 1669 463 1698 ἐστι
500 1668 552 1699 τῶ
591 1668 660 1709 (ΙΙ.
704 1681 758 1712 φ,
799 1669 899 1712 3Ι7.)

90 1707 200 1743 οὔτε
234 1709 290 1744 τοὶ
326 1709 501 1755 τεύχεα
527 1702 662 1747 καλοὲ.
720 1713 901 1748 dicendum

89 1755 196 1788 fuisse
227 1756 276 1790 ait
307 1757 424 1790 Attico
454 1758 512 1790 vel
541 1757 609 1793 τὸν
638 1757 822 1798 δύστηνον
854 1762 900 1802 ξ-,

89 1801 135 1836 τοὶ·
154 1801 248 1836 καλά
280 1817 309 1836 τ.
364 1804 418 1836 vel
450 1802 517 1838 τὸν
553 1806 582 1846 ξ.
607 1802 673 1840 τόν
697 1806 821 1847 δύσω,
854 1806 902 1841 τοὶ

89 1847 195 1882 τ.τά
218 1847 324 1883 καλά.
362 1850 406 1883 cf.
422 1849 462 1883 E.
486 1862 542 1883 res
568 1858 660 1885 nota.
691 1852 734 1886 de
757 1865 820 1886 usu
846 1864 903 1886 ar-

90 1894 185 1928 ticuli
211 1896 302 1949 apud
328 1897 512 1929 Homerum
544 1898 733 1941 generatim
766 1911 799 1932 v.
825 1910 902 1932 ann.

92 1941 136 1974 ad
170 1940 209 1974 Il.
235 1939 282 1983 α’,
318 1943 373 1976 11.
400 1962 444 1966 -
479 1940 658 1985 ἐκεῖθι,
692 1945 750 1977 ibi.
800 1945 903 1977 semel

92 1985 190 2022 dixit.
240 1987 412 2031 Aeschylo
429 1987 545 2022 Theb.
567 1989 646 2024 760.
674 1996 725 2022 est
751 2001 801 2032 ee,
828 1991 903 2023 sive

91 2034 184 2070 illuc.
209 2032 475 2089 -πύρνον,
508 2048 540 2072 κ.
565 2035 786 2079 κοτύλην.
819 2037 902 2077 362,

93 2076 136 2114 ο’.
161 2080 242 2114 311.
273 2099 318 2105 -
354 2093 542 2122 ουπως,
578 2093 807 2126 nequaquam.
856 2080 902 2127 β,

95 2115 162 2160 130
195 2130 262 2158 etc.
295 2145 341 2151 ——
392 2123 680 2170 ανέχεσθαι,
724 2129 901 2170 sustinere,

94 2171 197 2205 alere.
244 2172 334 2215 Apa
359 2171 567 2215 ἀνέχεσθαι.
608 2172 630 2217 ἡ
647 2173 715 2217 μὲν
734 2174 791 2216 λέξ
794 2186 825 2212 ις
842 2175 902 2217 (eo

94 2217 232 2271 quidem
255 2229 378 2260 sensu,
403 2231 502 2262 quem
527 2221 621 2254 dicet.
643 2220 904 2264 grammaticus:

94 2275 170 2297 nam
195 2261 244 2306 π’,
270 2266 350 2298 2³77.
388 2272 423 2298 et
447 2266 536 2300 alias
565 2265 622 2301 οἷν.
649 2274 704 2300 est
723 2268 831 2321 pati.)
865 2265 904 2301 ἐν

95 2310 139 2354 τῇ
175 2308 206 2350 ρ’
240 2311 305 2353 τῆς
334 2307 576 2354 Ὀδυσσείας,
612 2309 908 2357 ἅνθρωπους

95 2374 141 2380 -—-
164 2357 319 2401 θυμῷ’
347 2359 456 2401 δηλοῖ
478 2357 517 2393 δε
542 2358 584 2394 τὸ
605 2358 855 2404 ἀναδέχεσθαι
871 2374 904 2394 κ.

96 2390 316 2444 διαβόσκειν.
362 2404 470 2437 minus
495 2406 582 2439 bene
616 2405 666 2440 Ε·
702 2406 773 2451 ε’χει
798 2406 838 2441 δὲ
861 2405 905 2441 τό

96 2446 366 2492 ἀνέχεσθαι
392 2446 415 2491 ἢ
441 2447 524 2487 οἷντὶ
549 2453 618 2486 τοῦ
633 2454 755 2497 τιμᾷν,
781 2451 802 2497 ἢ
822 2452 907 2488 ἀντὶ

95 2493 166 2529 τοῦ
207 2493 350 2539 οἷνέχειν
394 2494 478 2540 ἤτοι
525 2478 812 2553 οἷναβαστάζειν,
856 2498 907 2540 ὠς

97 2539 137 2576 ἐκ
169 2552 386 2585 μεταφορας
417 2556 518 2585 τινος
550 2542 827 2591 ὑπερειᾛσματος
860 2564 908 2572 —-

98 2585 272 2629 ἔχοντά
316 2601 401 2631 περ
443 2587 478 2624 ἄ.
535 2593 689 2636 θυμῷ,
737 2593 908 2626 dolentem

98 2635 231 2677 animo,
261 2646 281 2667 a
289 2635 386 2668 'cons
391 2640 536 2678 equente
559 2637 770 2672 miseriarum
795 2644 831 2672 et
854 2639 908 2672 in-

98 2679 211 2722 opiae.
236 2699 281 2704 —
313 2682 489 2724 μηνίει.
537 2682 577 2716 ΙΙ.
605 2698 652 2725 α,
677 2686 745 2719 483
769 2690 837 2718 etc.
861 2705 908 2711 —-—

100 2724 280 2769 ἄλγιον.
307 2725 353 2766 6¹,
373 2729 452 2762 292.
466 2730 671 2772 -φίλα,
692 2733 801 2774 φίλον
820 2729 906 2771 ἐστὶ,

96 2773 234 2817 placet,
260 2773 361 2806 moris
385 2779 448 2808 est.
475 2774 518 2808 de
542 2774 717 2820 pluraliv.
754 2775 799 2820 ν’,
825 2778 903 2812 154.

148 2853 314 2887 17—25.
373 2867 400 2886 ω
439 2854 604 2897 φίλος,
646 2868 674 2888 ω
709 2857 803 2898 φίλε.
854 2853 903 2896 α’,

99 2899 179 2932 301.
205 2918 250 2923 -
275 2896 556 2942 ἐρύκεσθαι,
581 2901 733 2936 retineri.
783 2899 832 2943 α’,
862 2903 906 2936 14

100 2953 168 2977 etc.
206 2964 245 2969 —-
277 2947 553 2992 μενεαίνων,
577 2949 729 2992 cupiens.
771 2946 813 2992 ε’,
837 2949 904 2984 341

944 1486 1012 1517 etc.
1038 1503 1076 1508 —
1108 1483 1188 1518 Sch
1203 1495 1213 1517 ι
1237 1482 1436 1537 τηλίκος
1460 1477 1622 1535 (012297,
1639 1479 1680 1514 ΙΙ.
1700 1478 1752 1522 ω’,
1814 1514 1818 1522 ,

943 1531 1024 1570 487,
1061 1530 1158 1585 etc).
1207 1530 1273 1571 τῆς
1310 1527 1467 1571 δεούσης
1499 1523 1652 1568 ἡλικίας.
1701 1525 1754 1559 Ε.

944 1574 1060 1620 ἤγουν
1085 1574 1153 1610 οὐκ
1177 1575 1250 1620 εἰμι
1273 1588 1450 1618 τοιαυτης
1473 1570 1637 1618 ἡλικίας,
1664 1567 1756 1606 ὥστε
1816 1574 1821 1583 “

946 1623 998 1663 εἰς
1021 1624 1097 1657 πᾶν
1121 1621 1228 1665 ἔργον
1251 1623 1457 1657 πείθεσθαι
1488 1619 1540 1666 τῷ
1570 1616 1757 1654 κελεύοντί

945 1681 1011 1712 μοι
1034 1667 1114 1703 κατ’
1121 1668 1287 1726 οἷγρους,
1311 1667 1361 1709 ὡς
1386 1667 1448 1702 οἷοι
1473 1656 1615 1711 δηλαδὴ
1638 1665 1755 1720 γέρων

948 1714 1000 1749 ὢν
1024 1714 1130 1772 κ.μή
1167 1712 1343 1758 ἐξισχύων
1378 1717 1521 1749 πονεῖν.
1580 1710 1756 1755 σημάν-

947 1775 1069 1804 τορα
1095 1760 1136 1795 ὁὲ
1170 1764 1222 1803 (v
1248 1772 1326 1795 ann.
1353 1760 1396 1794 ad
1423 1761 1463 1794 ΙΙ.
1487 1759 1534 1801 δ’,
1557 1757 1756 1801 431Υσυν-

947 1806 1054 1861 ἠθοπς
1073 1808 1163 1851 λέγει
1182 1806 1248 1841 τὰν
1264 1804 1517 1842 ἐπιτάσσοντα.
1534 1824 1587 1830 —-
1596 1803 1756 1860 πυρός

949 1854 1055 1899 genit.
1099 1865 1235 1887 causae.
1299 1853 1350 1886 E:
1394 1851 1511 1908 ἤγουν
1543 1848 1608 1886 διὰ
1638 1850 1759 1893 πυρὸς

948 1900 1168 1958 θερμανθῶ.
1217 1897 1329 1943 οἷλὲη
1359 1911 1407 1935 τε
1439 1898 1532 1953 γέν
1573 1895 1598 1942 ἡ
1623 1897 1662 1932 ἐκ
1689 1899 1759 1931 τοῦ

949 1944 1055 1991 ἡλίου
1081 1944 1265 1989 δηλονότι.
1315 1951 1384 1978 Am.
1411 1946 1471 1984 Q.:
1498 1928 1624 1986 οἷλέη-
1669 1947 1759 1986 θερ-

948 1995 1076 2035 μασί,α
1100 2005 1235 2034 κυριως
1260 1987 1283 2033 ἡ
1309 1992 1378 2025 τοῦ
1402 1990 1523 2033 ἡλίου.
1571 1990 1664 2032 „lex.
1691 1991 1758 2023 So-

948 2039 1131 2084 phisticum
1164 2037 1316 2071 Bekkeri
1348 2049 1380 2081 p
1408 2039 1497 2073 375:
1530 2034 1638 2077 ἆλέα,
1668 2036 1758 2079 θέρ-

948 2098 1010 2128 μη.
1016 2088 1038 2104 ‘⁶
1069 2085 1112 2120 B.
1160 2082 1306 2126 ἀλέην
1339 2085 1507 2128 effugium
1540 2083 1628 2116 dixit
1650 2082 1691 2116 ΙΙ.
1713 2082 1756 2126 χ’,

949 2133 1051 2172 301,
1093 2142 1193 2173 quem
1231 2130 1340 2163 locum
1382 2142 1456 2164 cum
1495 2130 1757 2173 interpretarer,

950 2179 1050 2221 hujus
1074 2187 1140 2209 non
1173 2176 1397 2210 memineram.
1423 2195 1468 2201 —-
1504 2176 1651 2215 αἰνῶς
1684 2189 1759 2210 κα·-

950 2236 1028 2264 κα,
1053 2222 1155 2256 valde
1180 2224 1296 2262 mala,
1329 2233 1393 2255 usu
1428 2222 1557 2256 detrita
1573 2227 1685 2277 atque
1709 2222 1759 2255 la-

951 2281 1042 2304 cerua
1057 2269 1207 2302 ——Sdm
1227 2269 1364 2321 στίβη
1385 2267 1443 2311 (ε,
1455 2268 1543 2314 467)
1562 2264 1758 2314 ὑπηοίη.

953 2313 974 2352 ὁ
1003 2314 1161 2359 παγετός
1192 2311 1211 2348 ὁ
1239 2313 1434 2359 ὀρθρινός.

996 2392 1445 2430 26—35.Har1.=6c02
1468 2407 1531 2431 στ.
1562 2408 1619 2440 γρ.
1651 2392 1758 2431 διὲκ

952 2439 1200 2486 μεγάροιο.
1223 2441 1515 2497 -βεβήκει,
1539 2444 1637 2476 abiit.
1661 2453 1695 2476 v.
1713 2440 1759 2486 γ’,

955 2487 1306 2530 162.n9oe1nvoe
1340 2501 1381 2523 π.
1413 2487 1664 2541 προβιβάς.
1718 2488 1759 2521 ΙΙ.

954 2533 999 2577 ν’,
1025 2535 1079 2568 18.
1113 2553 1159 2558 —
1189 2532 1510 2589 κακα-φύτ,
1536 2533 1578 2576 ξ’,
1613 2537 1692 2570 110.
1718 2553 1761 2559 -

955 2560 1107 2623 αὐτὰρ
1134 2598 1180 2606 -
1205 2577 1295 2615 εὖν.
1337 2577 1400 2636 β,
1429 2581 1510 2621 400,
1544 2581 1583 2614 ΙΙ.
1608 2579 1648 2623 ζ,
1681 2578 1761 2624 370,

953 2626 1096 2660 inferius
1115 2628 1158 2660 85
1179 2631 1246 2660 etc.
1263 2646 1310 2651 —
1335 2625 1472 2670 ἔγχος
1493 2645 1538 2652 -·
1556 2625 1759 2669 ἐρείσας.

1056 2674 1170 2713 ,127,
1195 2671 1245 2716 θ’,
1270 2674 1327 2714 66,
1351 2674 1431 2709 473.
1456 2670 1758 2726 -ύπέρβηλ,

954 2685 1119 2754 οὐδόν.
1163 2717 1217 2759 θ’,
1236 2698 1286 2753 ’80
1306 2725 1374 2753 etc.
1420 2722 1598 2763 postquam
1622 2717 1761 2752 tran'siit

952 2764 1126 2806 ἀνδρῶνα
1151 2769 1186 2799 et
1207 2744 1271 2798 'has
1257 2771 1343 2798 tam
1377 2764 1427 2798 ibi
1459 2764 1622 2809 apposuit
1652 2764 1760 2798 ΤεΙο-

951 2813 1109 2850 machus,
1134 2810 1242 2844 intrat
1266 2817 1397 2855 partem
1412 2810 1608 2844 interiorem
1629 2810 1760 2851 dumus,

952 2869 1051 2902 quam
1084 2862 1216 2901 partem
1246 2857 1451 2890 habitabant
1483 2856 1652 2898 feminae,
1686 2856 1760 2890 cui-

952 2915 1019 2947 que
1043 2902 1240 2957 contiguum
1263 2908 1339 2938 erat
1360 2900 1559 2956 νπερώϊον.
1600 2914 1634 2936 v.
1657 2903 1760 2937 96-

955 2951 1041 2994 102,
1076 2946 1125 3000 α’,
1147 2949 1231 2987 328
1253 2948 1456 2987 -κώεα
1488 2946 1603 2997 γ’,38
1627 2955 1696 2983 etc
1718 2967 1761 2973 —-
