1821 3288
525 98 1127 142 ΟΛΤΣΣΕῙΑΣ
1185 102 1232 142 Τ.

1656 100 1733 146 81'

110 209 193 255 115
221 210 285 267 τῷ
312 208 385 280 ἐμὲ
414 211 499 252 νῦν
526 197 581 252 τοὶ
609 209 689 264 μὲν
718 208 829 252 ἄλλα
857 207 1046 280 μεταλλα
1075 212 1140 266 σῷ
1171 207 1237 253 ἐνὶ
1267 211 1401 269 οίκςο,

223 254 328 336 μηδ’
359 264 465 335 ἐμὸν
493 265 698 321 ἐξερέεινε
725 267 853 321 γένος
880 266 954 309 καὶ
981 256 1171 319 πατρίδα
1184 271 1349 335 γαῖαν,

222 322 283 378 μή
313 320 480 377 μᾶλλόν
508 339 600 391 μοι
613 322 762 394 θυμὸν
791 323 1024 379 ἐνιπλήσῃς
1053 321 1285 373 ὀδυνάων,

223 378 508 452 μνησαμένῳ·
541 377 658 434 μάλα
688 377 731 423 δ’
749 380 851 450 εἰμὶ
881 378 1184 430 πολυστόνος.

1225 378 1331 422 οὐδὲ
1360 380 1402 423 τί
1428 395 1482 436 με
1509 380 1591 438 χρὴ

228 437 335 492 οἴκῳ
366 436 414 488 ἐν
420 423 658 507 ἀλλοτρίῳ
683 434 883 491 γοόωντά
911 452 976 486 τε,
1006 434 1260 506 μυρόμενόν
1290 447 1356 490 τε,

111 496 194 537 120
223 479 385 560 ἧσθαι,
415 490 507 535 ἐπεὶ
534 492 694 536 κάκιον
723 492 994 563 πενθήμεναι
1023 492 1206 564 ἄκριτον
1238 493 1342 536 alsi·

224 547 362 618 μήτις
379 565 456 604 μοι
485 550 646 603 δμωῶν
675 549 975 619 νεμεσήσεται,
1015 547 1065 606 ήὲ
1095 547 1196 620 σύγ’
1230 547 1356 604 αὐτὴ,

223 607 292 661 φῇ
321 604 368 649 δὲ
398 605 701 662 δακρυπλώειν
734 605 979 664 βεβαρηότα
1007 622 1060 664 με
1089 605 1256 663 φρένας
1287 607 1410 664 οἴνῳ.
1414 608 1441 631 “

51 742 139 786 quot
162 738 261 774 edd..
252 751 261 761 ·
286 736 402 785 εὔεργ.
415 765 428 784 ‚
449 745 488 775 ut
511 742 552 777 A.
569 742 624 784 3..
612 755 623 764 ·
647 742 708 776 sed
731 742 780 777 ibi
804 753 864 777 su-

49 787 279 832 perscriptum
299 793 352 821 est
373 786 573 832 εὐηγεσίης.
622 790 794 823 Porsonus
818 800 863 823 ex

50 833 239 889 Harlejano
282 833 400 867 ultima
433 839 564 888 ²tautum
602 834 663 868 illa
692 834 861 880 protulit.

48 879 170 917 κακῶς
195 876 235 913 δὲ
260 879 296 914 οἱ
321 898 366 906 --
392 876 692 935 εὐηργεσίης.
717 898 760 904 -
785 881 859 914 Am.

49 925 93 958 2:
118 922 323 968 ἀρεταῖσι
347 924 416 968 (θ,
431 926 532 968 329).
580 924 620 960 ἐν
645 922 757 980 οξρετῇ
781 919 860 968 ὦσι,

50 971 134 1013 (hoc
159 971 329 1004 dederunt
353 982 417 1015 pro
442 972 536 1013 εἰσὶ,
569 972 727 1026 quoniam
762 971 858 1016 lege-

47 1017 133 1050 bant
156 1017 192 1050 in
212 1016 310 1050 libris
333 1016 407 1050 suis
429 1017 666 1060 conjunctivos
697 1015 858 1063 ἀνέχῃσι,

47 1061 200 1106 φέρῃσι,
234 1062 411 1107 βρίθῃσι,
444 1063 723 1108 quemadmodum
758 1065 798 1098 Α.
824 1063 857 1100 4.

0 1114 1 1149 ξ
46 1107 151 1142 habet
173 1105 276 1141 etiam
309 1108 478 1165 παρέχῃ.)
525 1110 644 1150 καλῶς
675 1109 858 1165 προύχον-

0 1160 1 1190 l
45 1166 110 1195 τος
134 1150 324 1209 ἡγεμόνος.
373 1151 414 1200 ἢ,
446 1154 486 1190 ἐν
524 1153 640 1201 ἇρετῃ
670 1169 702 1190 κ.
730 1154 857 1192 εὐδαι-

0 1198 1 1238 ζ
45 1199 159 1248 μονίᾳ
177 1197 360 1255 διάγουσι
408 1201 857 1256 Sch.,apudque1311egi-

0 1242 2 1296 ι’
45 1252 103 1281 tur
142 1246 314 1291 posterior
352 1247 471 1281 harum
514 1246 854 1294 interpretationum

45 1291 217 1338 διάγωσι.
265 1292 457 1327 Montbel.:
491 1294 611 1336 ,Icus
635 1298 705 1330 e'tes
728 1307 856 1330 comme

44 1351 93 1373 un
123 1339 241 1383 prime
271 1339 544 1384 irreprochable,
576 1341 655 1386 qui,
686 1342 782 1386 plein
814 1342 856 1376 de

0 1408 1 1422 ἢ
43 1390 177 1428 respect
205 1396 325 1419 envers
364 1386 413 1420 les
448 1386 571 1428 diens,
608 1392 676 1422 etc.
731 1387 856 1421 Platon

0 1427 1 1439 ¹
45 1430 165 1476 (Reip.
190 1431 247 1473 2.,
283 1436 310 1465 t.
347 1432 390 1473 6,
419 1442 463 1491 '3p
491 1433 559 1467 218
594 1434 649 1467 ed.
685 1433 855 1478 Bipont.),

31 1477 105 1521 .qui
136 1482 218 1512 veut
257 1489 302 1522 qu
305 1477 358 1511 'on
396 1477 520 1512 n'aime
561 1479 596 1512 la
628 1479 753 1524 justice
787 1491 856 1526 que

43 1533 134 1568 pour
158 1523 250 1557 elle·
233 1526 390 1565 -meme‚
427 1524 538 1558 blame
563 1529 660 1558 notre
685 1526 786 1570 poete
810 1526 855 1560 de

43 1581 86 1603 ce
110 1580 153 1614 qu
157 1569 193 1603 ’il
218 1580 304 1603 nous
327 1571 530 1615 represente
556 1570 605 1605 les
632 1571 728 1605 biens
747 1574 855 1606 mate-

42 1614 125 1649 riels
151 1626 277 1650 comme
300 1615 333 1648 la
354 1618 592 1660 consequence
612 1617 656 1651 de
678 1618 709 1651 la
727 1618 856 1662 justice

42 1660 76 1694 d'
80 1672 124 1695 un
147 1661 213 1696 roi.
259 1661 355 1696 C'est
372 1665 446 1696 exre
464 1662 541 1696 bien
562 1663 733 1707 rigoriste.
781 1665 857 1699 Ho-

0 1706 1 1719 ¹
42 1707 135 1741 mere
170 1719 212 1742 ne
251 1707 304 1741 dit
337 1719 398 1752 pas
426 1708 470 1742 ici
503 1709 560 1754 qu’
563 1721 607 1743 on
639 1710 739 1744 ὀοῐιο
778 1713 855 1744 etre

38 1752 132 1798 juste
157 1752 179 1787 a
200 1765 303 1787 cause
332 1754 378 1787 du
411 1755 491 1788 bien
524 1755 583 1799 qui
619 1761 705 1800 peut
729 1767 770 1790 en
798 1768 854 1791 re—

40 1799 164 1843 venir3
204 1798 229 1833 il
252 1799 350 1844 peint
372 1800 561 1834 seulement
580 1800 630 1834 les
655 1806 855 1847 avantages,

41 1848 149 1880 meme
173 1846 365 1887 materiels,
388 1846 445 1890 qui
471 1847 639 1881 resultent
663 1847 694 1881 d'
699 1860 765 1881 une
789 1850 853 1882 ad-

0 1913 1 1926 1
42 1890 270 1925 ministration
290 1891 394 1935 juste.
446 1892 497 1925 Or
523 1892 545 1925 il
567 1898 619 1927 est
636 1895 735 1927 tres·
746 1894 851 1928 moral

41 1936 87 1970 de
109 1947 261 1983 prouver
282 1937 338 1981 qu'
341 1948 404 1971 une
429 1938 590 1972 conduite
613 1940 707 1973 selon
737 1940 770 1974 la
793 1941 852 1984 ju·-

41 1983 128 2017 stice
167 1987 220 2017 est
262 1993 329 2017 non
364 1984 550 2018 seulement
590 1985 624 2018 la
664 1985 849 2028 meilleure‚

39 2028 124 2062 mais
147 2039 269 2063 encore
292 2028 327 2062 la
350 2030 426 2074 plus
450 2036 694 2075 avantageuse.
726 2032 850 2065 Platon

39 2073 115 2108 lui-
126 2077 253 2116 meme,
285 2085 326 2107 en
362 2075 513 2109 donnant
543 2060 598 2110 13.υ
609 2077 738 2121 justice
762 2090 850 2123 pour

37 2119 122 2155 ba'se
147 2135 167 2155 a
189 2131 232 2155 sa.
251 2120 332 2155 ville
361 2122 600 2175 (re‘publique)
632 2123 849 2168 imaginaire,

38 2166 148 2211 qu'a-
127 2171 200 2201 -t-
215 2166 236 2185 ²*
264 2166 386 2209 voum,
421 2167 532 2202 sinon
550 2181 716 2213 procurer
750 2182 769 2203 a
794 2181 850 2204 ses

37 2210 214 2247 habitants
239 2212 271 2246 le
298 2213 373 2256 plus
408 2213 450 2247 de
482 2215 636 2250 bonheur
671 2217 849 2260 possible?

37 2270 84 2284 ⁴-
105 2258 244 2293 Horace
267 2258 357 2303 (Od.
381 2257 421 2301 4,
447 2261 481 2300 5,
508 2263 566 2299 17)
600 2263 727 2295 semble
752 2262 848 2296 avoir

37 2304 140 2339 voulu
162 2305 276 2339 imiter
300 2317 340 2338 ce
364 2317 511 2351 passage
543 2308 629 2340 dans
652 2319 692 2341 sa
716 2309 849 2342 descri-

37 2349 136 2396 ptiou
175 2351 219 2385 du
259 2352 367 2394 regne
399 2352 607 2396 d'Auguste·
646 2355 755 2388 Tutus
775 2356 849 2390 ‚bos

26 2398 164 2431 'etenim
195 2408 280 2431 rura
312 2398 422 2441 (ἰιιιο·
456 2404 545 2433 tuta.
603 2411 637 2433 v.
669 2411 731 2434 nos
768 2413 848 2435 ann.

36 2443 149 2477 adh
164 2443 847 2488 LetOd.1,1‚17.inFeanaed.

36 2487 206 2531 Horatii.)
232 2491 476 2533 perambulut3
513 2492 634 2527 Nutrit
666 2504 752 2526 rura
784 2493 848 2527 Ce-

36 2545 114 2576 res,
140 2535 300 2580 almaque
327 2537 527 2578 Faustitas,
558 2538 729 2573 Pacatum
761 2540 846 2573 voli-

37 2560 119 2615 tan’t
168 2592 232 2624 per
274 2593 371 2616 mare
421 2585 576 2618 navitae.
581 2586 602 2604 ‘⁶
665 2585 846 2620 manifesto

37 2626 123 2660 haec
157 2627 309 2661 imitatus
343 2632 397 2663 cst
428 2630 602 2664 Hesiodus
637 2632 706 2690 Op.
743 2636 779 2666 et
800 2632 847 2667 D.

36 2674 138 2708 225.·
162 2673 199 2707 οὶ
223 2671 263 2708 δὲ
287 2674 392 2716 δίκας
413 2676 565 2719 ξείνοισι
588 2677 648 2713 καὶ
674 2677 846 2722 ἐνδήμοι-

37 2729 73 2753 σι
107 2719 279 2754 διδοῦσιν
306 2717 465 2763 Ἰθείας,
497 2724 558 2758 καὶ
591 2722 680 2780 μήτι
712 2736 845 2769 παρεκ-

36 2765 209 2823 βαίνουσι
232 2767 402 2810 δικαίου,
442 2771 549 2804 Τοῖσι
556 2770 704 2827 τέθηλε
727 2771 845 2812 πόλις,

35 2812 120 2847 λαοὶ
155 2809 194 2847 δ’
227 2811 410 2849 ἀνθεῦσιν
444 2813 484 2850 ἐν
517 2814 624 2862 αυτῇ.
655 2835 700 2843 -·
738 2820 846 2853 Τοῖσι

36 2858 139 2901 φέρει
161 2856 229 2901 μὲν
251 2862 342 2905 γαῖα
364 2859 486 2897 πολυν
508 2864 615 2919 βίον·
652 2861 779 2919 ου’ρεσι
802 2858 851 2899 δὲ

35 2905 128 2948 δρῦς
155 2903 262 2951 Ἀκρη
299 2906 366 2950 μέν
409 2920 448 2943 τε
493 2908 597 2954 φέρει
641 2908 843 2969 βαλάνους,

33 2951 145 2996 μέσση
169 2951 210 2988 δὲ
232 2954 425 2997 μελίσσας·
465 2954 674 3004 Εἰροπόκοι
700 2955 742 2995 δ’
767 2955 844 3000 ὄϊες

76 3008 219 3046 Ηοιιιιιι.
245 3011 384 3047 Οιιῑεε.
409 3010 472 3049 111.

908 742 1061 784 μαλλοῖς
1087 742 1269 787 καταβεβρ
1272 741 1379 777 ίθασι
1413 744 1482 775 etc.
1528 752 1619 787 quae
1651 741 1716 776 iti-

908 787 985 820 dem
1008 786 1109 820 Plato
1135 789 1250 833 posuit
1272 788 1294 822 1.
1315 800 1364 830 c.‚
1390 792 1428 821 ut
1452 787 1508 822 Cl.
1525 788 1716 823 annotavit.

906 832 1141 876 superioribus
1160 835 1244 867 haec
1267 834 1415 878 subjecit
1426 833 1614 868 Montbela
1637 835 1717 877 „Au

907 884 1020 917 reste,
1059 879 1097 922 je
1138 890 1336 938 soupconne
1373 891 1417 913 un
1449 891 1529 933 peu
1552 879 1602 913 les
1635 892 1716 915 vers

907 925 1027 957 111-
1036 924 1059 958 4
1102 923 1214 958 d'etre
1248 924 1348 959 d’une
1383 924 1605 970 composition
1644 937 1717 961 mo-

906 969 1023 1003 der.ne
1081 970 1137 1003 On
1171 971 1308 1014 concoit
1345 971 1422 1004 bien
1458 983 1524 1016 que
1558 982 1640 1006 sous
1670 984 1716 1006 un

904 1016 1014 1059 regne
1038 1015 1183 1060 paisible
1214 1017 1265 1051 les
1294 1016 1476 1051 vaisseaux
1509 1019 1716 1053 marchands

904 1068 1112 1105 parcourent
1135 1063 1171 1096 la
1195 1074 1286 1104 mer,
1311 1074 1438 1096 comme
1461 1062 1495 1095 le
1519 1063 1571 1101 dit
1595 1064 1716 1098 Hora-

903 1119 965 1148 ce,
998 1107 1082 1141 mais
1109 1119 1177 1142 non
1201 1121 1269 1153 que
1292 1108 1326 1142 la
1350 1120 1420 1142 mer
1443 1109 1614 1143 renferme
1639 1110 1716 1155 plus

904 1163 948 1186 ou
972 1154 1079 1187 moins
1102 1153 1146 1188 de
1171 1156 1339 1200 poissonS‚
1357 1155 1533 1190 θάλασσα
1556 1153 1596 1190 δὲ
1619 1169 1715 1200 παρ-

902 1198 974 1243 έχει
1013 1199 1138 1243 ἰχθυς
1143 1202 1167 1220 “
1221 1201 1435 1246 ingeniosius
1465 1212 1566 1246 quam
1597 1202 1713 1237 verius

901 1245 967 1279 hoc
1007 1245 1096 1280 dixit
1146 1247 1203 1281 vir
1247 1253 1447 1304 praestans,
1487 1258 1562 1281 cum
1603 1248 1714 1283 minus

901 1292 1203 1336 animadverteret,
1224 1293 1266 1328 τὸ
1292 1291 1360 1338 τήν
1380 1292 1578 1329 θάλασσαν
1600 1294 1714 1339 παρέ-

900 1350 977 1381 χειν
1002 1339 1117 1382 ἰχθῦς
1133 1350 1363 1396 consequens
1367 1351 1455 1374 esse
1488 1339 1583 1384 ejus,
1620 1341 1713 1385 quod

901 1381 1157 1427 intelligendum
1191 1391 1244 1419 est
1273 1399 1366 1420 κατα
1389 1399 1432 1421 το
1459 1384 1713 1431 σιωπώμενον,

902 1435 942 1463 ut
965 1431 1070 1464 multa
1094 1431 1184 1476 apud
1209 1432 1300 1466 hunc
1324 1437 1498 1476 nostrum,
1532 1438 1611 1466 tuta
1635 1445 1714 1468 esse

900 1476 1021 1510 littora
1044 1478 1107 1510 sub
1127 1479 1223 1521 justo
1255 1479 1450 1523 eodemque
1468 1479 1628 1523 sapiente
1654 1491 1715 1514 re·-

902 1534 966 1566 ge,
999 1534 1161 1568 mareque
1200 1524 1398 1569 navigatum
1428 1535 1449 1558 a
1482 1525 1713 1569 piscatoribus

902 1574 1009 1613 atque
1041 1570 1312 1612 mercatoribus,
1345 1571 1404 1616 qui
1439 1570 1590 1615 undique
1623 1572 1713 1606 affe-

902 1619 983 1648 rant
1006 1626 1136 1650 merces
1160 1628 1251 1650 suas.
1299 1628 1411 1660 neque
1434 1617 1519 1650 enim
1539 1617 1711 1660 Justitiam

901 1660 1000 1695 modo
1026 1662 1121 1714 ruegis
1155 1661 1269 1696 eximii
1303 1663 1477 1705 celebrat,
1512 1662 1574 1703 sed
1608 1663 1712 1699 etiam

900 1707 1104 1751 sapientiam
1136 1708 1372 1752 gubernandi,
1400 1707 1470 1753 τὴν
1506 1708 1711 1754 εὐηγεσίαν.

901 1753 1092 1787 delectatus
1116 1760 1228 1788 autem
1254 1754 1362 1798 copiis
1394 1754 1535 1789 marinis
1560 1761 1615 1789 est
1637 1756 1712 1791 Ho-

900 1810 1031 1840 merus,
1076 1800 1254 1833 insulanus
1292 1801 1390 1834 homo
1434 1802 1488 1835 vel
1532 1801 1710 1845 littoreus,

900 1851 967 1878 non
990 1844 1070 1878 item
1095 1846 1367 1880 mediterraneus
1399 1850 1502 1891 poeta
1526 1848 1710 1891 Ascraeus,

898 1890 956 1935 qui
981 1891 1148 1935 navigare
1172 1899 1278 1937 negat
1313 1894 1458 1937 populos
1482 1904 1602 1950 regum
1627 1905 1710 1938 pro-

898 1936 1014 1970 borum
1041 1937 1064 1970 l.
1082 1949 1111 1970 c.
1131 1939 1230 1974 236..
1254 1938 1459 1974 θάλλουσιν
1484 1937 1524 1974 δ’
1548 1936 1572 1974 ἆ
1573 1942 1710 1985 γαθοῖ-

897 1994 934 2016 σι
957 1981 1177 2027 διαμπερὲς,
1211 1981 1320 2021 οὐδ’
1348 1983 1419 2021 ἐπὶ
1437 1985 1575 2042 νηῶν
1573 1953 1710 2023 yNsi-

897 2039 947 2063 σο
960 2042 1087 2072 νται,
1131 2030 1277 2074 καρπόν
1315 2029 1355 2066 δε
1396 2030 1501 2076 φέρει
1534 2034 1710 2077 ζείδωρος

897 2071 1053 2133 ἄρουρα.
1080 2095 1126 2101 ——
1150 2077 1346 2131 παρέχει
1371 2078 1513 2123 primam
1533 2079 1708 2123 producit,

897 2128 934 2155 ut
958 2120 1188 2158 ἀπονέεσθαι
1218 2121 1265 2170 β’,
1299 2126 1388 2166 195,
1425 2129 1570 2171 propter
1604 2125 1709 2160 ictum

895 2170 1092 2211 metricum,
1127 2181 1155 2214 ρ
1188 2181 1324 2216 quoque
1357 2171 1478 2205 littera
1512 2171 1708 2216 adjuvante.

896 2215 940 2247 cf.
970 2217 1034 2250 155
1059 2222 1125 2250 etc.

944 2262 1022 2296 177.
1072 2261 1151 2296 libri
1174 2260 1380 2317 παρηχήσει
1403 2261 1527 2320 inepta
1562 2265 1598 2297 et
1631 2275 1706 2298 cum

894 2306 1182 2350 homoeoteleuto,
1206 2309 1381 2353 minusque
1395 2307 1620 2353 έμφατικως,
1641 2322 1706 2344 ιιιι-

894 2354 995 2387 meris
1020 2360 1133 2388 autem
1153 2355 1412 2390 deterioribus·
1444 2354 1496 2401 μή
1521 2368 1588 2401 μοι
1613 2357 1706 2400 μᾶλ-

893 2402 958 2434 λον
981 2400 1108 2444 θυμὸν
1131 2399 1181 2436 ἐν.
1205 2399 1263 2436 σ’δ.

940 2448 1154 2482 118—122.
1205 2448 1324 2484 πολὺ
1338 2458 1525 2489 στονος
1559 2448 1704 2482 multum

892 2503 1047 2536 gemens.
1092 2493 1230 2550 passivo
1265 2505 1367 2527 sensu
1400 2491 1511 2527 dixit⁷
1511 2491 1610 2536 Ἐριν
1632 2506 1704 2528 πο-

891 2537 1070 2575 λύστονον
1094 2540 1134 2573 ll.
1152 2538 1195 2583 λ’,
1219 2541 1278 2580 73,
1303 2539 1363 2574 ἰὸν
1385 2539 1616 2574 πολύστονον
1635 2539 1704 2573 ibi-

893 2584 967 2619 dem
1003 2584 1047 2628 ο’,
1090 2585 1158 2621 451
1192 2591 1228 2620 et
1256 2584 1470 2620 πολύστονα
1505 2585 1622 2629 κήδεα
1654 2584 1702 2628 α’,

891 2630 971 2666 445.
1019 2644 1128 2688 quare
1180 2636 1357 2666 accentum
1401 2632 1616 2666 mutavimus.
1655 2652 1703 2658 -—

891 2676 1112 2732 yoo'covzoe
1145 2690 1215 2721 τε,
1247 2691 1350 2734 μυρ.
1377 2690 1432 2713 τε.
1481 2677 1638 2712 similiter
1661 2679 1703 2715 ΙΙ.

890 2722 932 2768 χ’,
957 2724 1059 2760 427.=
1085 2723 1255 2760 κλαίοντέ
1278 2737 1337 2766 τε,
1362 2725 1556 2779 μυρομένω
1580 2737 1631 2760 τε.
1657 2743 1703 2751 -

892 2769 997 2806 ἐπεὶ
1020 2790 1065 2796 —-—
1090 2772 1196 2807 αἰεί.
1247 2769 1289 2810 σ’,
1318 2772 1394 2806 173.
1421 2790 1466 2795 -—
1490 2768 1631 2814 μήτις
1655 2789 1702 2795 —-

892 2817 1017 2860 οἴνῳ.
1042 2817 1202 2863 apodosis
1225 2817 1365 2861 duplex·
1389 2828 1422 2850 v.
1443 2818 1500 2851 83.
1523 2817 1699 2861 δμωῶν

890 2864 1050 2898 mendose
1073 2867 1113 2899 A.
1132 2865 1186 2898 2..
1213 2864 1374 2898 δαναών.
1401 2882 1447 2887 —-
1474 2865 1539 2910 φῇ
1562 2882 1609 2890 —
1634 2863 1701 2898 σι’-

890 2923 963 2955 vep-
1010 2910 1076 2944 hoc
1100 2915 1155 2944 est
1177 2909 1273 2950 illud,
1298 2909 1416 2954 quod
1408 2921 1443 2942 ιιι
1463 2916 1590 2955 potore
1611 2920 1700 2953 quo·

889 2956 966 2993 dam
989 2955 1079 2993 dixit
1097 2955 1414 3003 epigrammatarius
1435 2961 1583 3000 nostras,
1602 2955 1701 2991 Hau-

1399 3018 1427 3055 6
