1821 3288
701 96 1094 139 ΔΗΛΙΟΝ.

378 205 400 221 'l

238 206 339 252 οὐδ’
372 203 448 261 αρ’
475 204 724 249 Ἀπόλλωνα
754 204 982 262 χρυσάορα
1010 205 1178 261 θήσατο
1207 206 1371 263 μήτηρ,

234 263 343 307 ἀλλά
375 263 507 317 Θέμις
535 264 692 317 νέκταρ
718 280 788 313 τε,
821 265 893 306 καὶ
924 263 1171 319 ἀμβροσίην
1200 263 1446 319 ἐρατεινήν,

129 322 245 367 125*
277 319 550 376 ἀθανάτῃσιν
588 320 733 374 χερσὶν
763 319 1002 375 ἐπήρξατο·
1032 324 1152 391 χαῖρε
1176 321 1228 362 δὲ
1262 322 1384 373 Λητώ
1403 353 1413 372 ,

238 377 401 420 οὕνεκα
427 378 676 446 τοξοφόρον
706 377 779 419 καὶ
809 376 1021 431 καρτερόν
1052 376 1152 419 υἱὸν
1183 376 1356 418 ἔτικτεν

315 431 467 503 Αὐτὰρ
497 431 666 486 ἐπειδὴ,
699 436 858 488 Φοῖβε,
889 434 1108 489 κατέβρως
1137 432 1360 504 ἄμβροτον
1392 431 1539 491 εἶδαρ,

236 505 292 531 ου
323 487 413 544 63'22’

448 488 582 532 ε”πειτ
611 491 735 544 ἴσχον
764 490 940 545 χρύσεοι
964 490 1152 544 στρόφοι
1182 489 1398 542 ἀσπαίροι
1405 506 1477 540 τα,

237 543 338 588 ουδ’
365 546 426 588 ἐτι
456 545 591 598 δεσμά
626 548 670 588 σ’
703 547 852 600 ε’,ρνκε
882 546 1040 589 λύοντι
1073 548 1118 589 ὸὲ
1147 548 1327 599 πείρατα
1358 546 1520 600 πάντα,

125 607 204 647 130
237 602 394 645 αὐτίκα
425 600 473 645 δ’
505 601 754 658 ἀθανάτῃσι
782 603 974 658 μετηύδα
1011 607 1175 659 Φοῖβος
1199 602 1441 645 Ἀπόλλων·

315 661 436 713 ,,Ειή
467 676 542 729 μοι
571 661 744 713 κίθαρίς
773 676 817 703 τε
848 663 971 715 φίλη,
1003 662 1074 702 καὶ
1104 658 1310 715 καμπύλα
1337 657 1463 715 τόξα,

230 714 376 785 χρήσω
407 715 450 758 6’
484 715 763 770 ἀνθρωποισι
792 716 900 764 Διὸς
930 717 1142 784 νημερτέα
1173 716 1354 770 βουλήν.
1359 721 1384 740 “

300 771 384 823 Ὣς
414 772 548 816 εἰπών
576 775 803 843 ἐβίβασκεν
834 772 902 814 ἐπὶ
931 773 1090 827 χθονός
1121 771 1374 843 εὐρυοδείης

237 832 400 885 Φοῖβος
429 828 744 898 ἀκερσεκόμης,
781 828 1064 883 ἑκατηβόλος
1098 831 1143 870 αἱ
1177 827 1220 870 6²
1254 828 1339 881 ἄρα
1368 832 1506 873 πᾶσαι

120 887 201 931 135
231 886 430 955 θαμβεον
459 883 691 928 ἀθάναται.

751 889 899 938 χρυσῷ
930 885 973 927 6'
1005 885 1091 938 ἄρα
1121 889 1266 953 Δῆλος
1296 885 1445 929 ἅπασα

226 939 387 996 ἤνθησ’
389 974 400 993 ,
435 941 493 992 ὥς
523 941 592 984 ὅτε
624 957 668 983 τε
700 941 800 994 ρίον
832 941 985 994 οὔρεος
1016 943 1197 985 ἄνθεσιν
1230 941 1337 995 ὕλης

231 1001 452 1052 βεβρίθει,
484 1001 725 1051 καθορῶσα
755 999 862 1048 Διὸς
894 1001 1064 1051 Λητοῦς
1094 1014 1137 1040 τε
1165 998 1399 1053 γενέθλην,

232 1054 483 1123 γηθοσύνη,
515 1054 582 1097 ὅτι
611 1070 687 1108 μιν
716 1055 818 1104 θεὸς
853 1055 985 1097 ειλετο
1018 1056 1134 1097 οἰκία
1164 1054 1327 1097 θέσθαι

231 1111 405 1179 νήσων,
425 1110 622 1182 ἠπείρου
652 1126 717 1162 τε,
750 1113 903 1166 φίλησε
934 1111 978 1153 δὲ
1008 1110 1172 1182 κηρόθι
1201 1115 1378 1163 μᾶλλον.

122 1168 201 1210 140

314 1165 461 1217 Αὐτός
488 1166 531 1210 6'
534 1200 545 1218 ‚
576 1165 840 1221 ἀργυρότοξε
871 1167 999 1219 ἄναξ,
1032 1167 1259 1223 ἑκατηβόλ’
1282 1168 1529 1223 ’Ἀπολλον,

232 1222 385 1266 ἄλλοτε
414 1223 494 1294 μέν
524 1223 565 1266 τ’
596 1224 665 1266 ἐπὶ
695 1224 886 1267 Κύνθου
916 1223 1075 1278 εβησαο
1104 1224 1446 1277 παιπαλόεντος,

234 1279 385 1322 α’λλοτε
415 1279 460 1324 δ’
492 1283 548 1323 αὐ
583 1278 745 1336 νήσους
775 1297 841 1333 τε,
873 1282 945 1323 καὶ
981 1280 1159 1334 ἀνέρας,
1188 1279 1439 1335 ἠλάσκαζες.

233 1338 391 1381 πολλοί
418 1353 487 1379 τοι
516 1339 615 1393 νηοί
645 1354 709 1389 τε,
740 1338 814 1381 καὶ
848 1337 979 1380 ἄλσεα
1010 1336 1296 1391 δενδρήειᾙτα

235 1396 384 1462 [πᾶσαι
414 1394 458 1437 δὲ
490 1396 668 1437 σκοπιαί
698 1410 742 1436 τε
778 1396 927 1447 φίλαι,
961 1395 1034 1437 καὶ
1064 1395 1258 1446 πρώονες
1290 1393 1420 1448 ἄκροι

118 1450 197 1494 145
227 1449 410 1504 υψηλων
440 1449 602 1502 ὀρέων,
631 1452 822 1502 ποταμοί
851 1449 899 1492 θ’
934 1449 1066 1493 ἅλαδε
1097 1450 1387 1521 προρέοντες]

226 1505 336 1549 ἀλλὰ
366 1507 420 1548 σύ
448 1506 602 1576 Δήλῳ,
637 1510 796 1561 Φοῖβε,
829 1505 1002 1562 μάλιστ’
1035 1507 1282 1559 επιτέρπεαι
1311 1523 1441 1565 ητορ,

227 1562 339 1606 ε’νθα
368 1579 436 1606 τοι
466 1562 733 1620 ελκεχίτωνες
761 1547 919 1616 Ἰάονες
947 1562 1235 1620 ἠγερέθονται

60 1711 105 1740 τ,
131 1697 189 1735 34.
224 1710 270 1723 ·-
303 1696 574 1744 χρνσάορα,
609 1696 870 1744 χρυσοφάσγα-

61 1757 151 1786 νον,
177 1741 199 1788 ἢ
225 1747 515 1788 χρυσοκίθαριν,
542 1750 580 1779 ut
600 1746 648 1779 ait
673 1745 807 1779 Suidas.

62 1789 155 1824 infra
188 1792 276 1833 218,
323 1790 432 1832 11.ε’,
468 1793 547 1827 509,
589 1811 634 1816 -
680 1791 870 1836 θήσατο

63 1835 265 1880 ἐθήλασεν,
311 1842 348 1871 ut
377 1837 576 1881 Apullonius
609 1838 871 1883 interpretatur.

58 1886 99 1917 'v.
120 1883 161 1916 li.
187 1881 238 1924 m'‚
262 1884 319 1918 58.
366 1907 390 1923 ‚,
401 1884 570 1927 θῆσθαι,
602 1885 693 1928 quod
720 1895 775 1928 ap.
800 1886 872 1918 Ho-

64 1939 190 1962 merum
215 1930 258 1962 de
281 1929 469 1962 infantibus
502 1929 707 1963 lactentibus
731 1931 872 1971 dicitur,

64 1973 98 2008 Ῑι.
125 1974 146 2008 l.
171 1974 214 2008 de
245 1975 393 2008 lactante
429 1982 537 2008 matre
570 1982 766 2018 usurpatum
803 1987 868 2010 non

65 2021 215 2054 debebat
239 2022 292 2054 ad
287 2033 324 2055 o
351 2021 528 2053 offensioni
554 2033 631 2055 esse
655 2022 804 2065 llgenio,
832 2028 869 2055 ut

61 2067 153 2104 hunc
184 2078 318 2099 versum
356 2078 416 2110 pro
448 2067 565 2111 spurio
599 2068 751 2101 haberet.
787 2079 869 2102 con-

60 2109 158 2146 fundi
182 2113 268 2146 enim
294 2113 385 2146 inter
407 2124 445 2146 se
479 2118 514 2146 et
537 2113 736 2147 commutari
759 2114 871 2147 solent

61 2158 169 2192 verba
210 2158 420 2202 hujusmodi,
474 2159 602 2192 lactere
647 2168 681 2192 et
724 2161 869 2201 lactare,

63 2201 199 2249 navigeri
224 2211 260 2238 et
282 2216 437 2249 mugen.
464 2204 512 2238 sic
542 2205 742 2248 θηλάζειν,
777 2207 870 2250 quod

61 2259 149 2295 prop
131 2234 202 2284 t’rie
235 2256 288 2284 est
309 2251 442 2284 lactare
476 2251 655 2294 (Lobeck.
681 2253 807 2294 Phryn
833 2264 868 2297 p.

63 2297 174 2339 468),
209 2300 263 2346 hp.
299 2297 450 2330 Theocr.
475 2300 514 2338 2,
551 2298 603 2331 16.
641 2297 684 2331 de
720 2298 868 2331 la‹tente

66 2341 212 2375 dicitur·
230 2341 312 2386 ήρα
328 2340 629 2400 λεαίναςμασὸὁν
649 2343 840 2386 ἐθήλαξεν.
847 2347 870 2363 ‘

65 2387 236 2422 EFrnnk.
247 2407 292 2413 —-
316 2387 391 2423 ἀνθ.
404 2393 573 2433 χερσίν.
600 2390 791 2433 elegantius
813 2401 868 2423 es-

63 2439 119 2467 set
141 2431 333 2487 ἀθανάτῃς
355 2433 396 2470 ἐν
421 2449 453 2480 χ.
477 2456 521 2460 -—
545 2437 768 2477 πείρατα,
793 2436 868 2469 vin-

64 2479 160 2520 cula,
184 2480 377 2524 ligamenta
402 2493 435 2516 v.
461 2482 502 2516 11.
526 2481 573 2523 μ’,
598 2483 652 2515 51.

113 2525 189 2559 133.
237 2525 312 2560 ἐπι
352 2527 478 2571 primus
514 2526 609 2560 dedit
643 2527 769 2561 matth.
803 2539 868 2572 pro

63 2566 159 2611 ἀπὸ,
183 2571 274 2616 quod
298 2573 422 2606 habent
445 2574 534 2615 libri,
561 2585 679 2606 errore
703 2573 789 2606 haud
815 2575 869 2606 in-

64 2615 176 2651 solito.
211 2629 245 2650 v
271 2629 347 2650 aun
381 2619 425 2652 ad
457 2618 869 2664 Odyss.72‘‚117.in-

63 2662 208 2696 cessisse
231 2663 344 2696 statim
377 2675 438 2708 per
469 2666 615 2706 terram,
649 2666 782 2698 nemine
806 2665 867 2698 ad-

60 2709 225 2752 juvante,
250 2708 375 2742 dic-itur
401 2711 519 2755 Apollo
543 2723 665 2745 recens
690 2719 771 2745 nat·
766 2723 804 2754 s,
831 2712 867 2746 vi

62 2754 179 2787 divina
203 2755 368 2798 ingenita.

109 2798 185 2834 135.
233 2803 462 2846 χρυσῷ-
495 2799 688 2847 ἤνθησε.
738 2802 865 2836 Pinda-

62 2855 123 2879 rus
146 2846 258 2879 dein
252 2847 317 2881 ula
341 2848 516 2881 beatorum
541 2816 653 2892 01772,
679 2850 774 2885 1Ξ6-ε
800 2847 864 2883 ἄν·

62 2892 162 2935 θεμα
186 2891 226 2928 δὲ
247 2895 390 2937 χρυσοῦ
414 2894 545 2937 φλέγει.

107 2939 184 2974 136.
230 2940 317 2975 male
351 2940 538 2978 versiculus
561 2936 618 2976 hic
640 2940 789 2978 insertus
812 2941 863 2977 le-

915 1698 1009 1744 gitur
1032 1698 1068 1732 in
1092 1697 1188 1732 libris
1213 1703 1292 1744 post
1318 1701 1414 1741 1394
1440 1709 1540 1743 quem
1564 1698 1640 1731 loco
1663 1708 1726 1732 nos

833 1757 869 1778 V.
915 1758 974 1780 8110
1000 1752 1204 1791 reponentes
1224 1753 1329 1779 totam
1353 1747 1556 1779 sententiam
1572 1745 1726 1777 1111151Γὸ-

915 1794 1043 1834 vimus,
1082 1793 1188 1824 verbo
1224 1790 1243 1829 τ’
1239 1791 1367 1836 ἰθησε
1411 1798 1535 1836 aperte
1578 1802 1726 1833 respon-

916 1839 1018 1871 dente
1043 1835 1196 1872 ἄνθεσιν
1219 1836 1330 1880 ν’λης,
1357 1850 1546 1883 rursusque
1570 1837 1614 1870 ad
1639 1837 1726 1870 haec

916 1884 1026 1918 relato
1051 1885 1155 1917 verbo
1181 1886 1358 1930 βεβρίθει

968 1931 1151 1965 137-39-
1200 1943 1318 1965 versus
1351 1932 1443 1964 forte
1485 1928 1601 1963 omissi
1632 1927 1667 1961 in
1702 1928 1726 1962 3

915 1976 1012 2009 codd.
1048 1976 1177 2011 Pariss.
1211 1985 1248 2011 el.
1281 1978 1388 2010 Mose.
1401 2002 1410 2018 ‚
1446 1987 1518 2009 cum
1554 1973 1727 2009 sententia

915 2022 989 2055 sine
1013 2021 1079 2055 illis
1104 2028 1261 2057 constare
1285 2023 1480 2063 videretur,
1513 2021 1666 2054 librariis
1689 2020 1727 2054 in

915 2068 1029 2101 verbis
1055 2066 1208 2102 infima
1232 2067 1322 2115 ν’λης
1356 2068 1630 2112 intelligentibus
1653 2063 1727 2101 οἷν-

915 2116 982 2149 θεῖ
1003 2125 1044 2147 ex
1073 2112 1225 2159 ἤνθησε.

965 2162 1041 2194 142.
1099 2161 1275 2204 νήσους
1312 2174 1378 2205 τε,
1425 2161 1507 2196 καὶ
1542 2158 1724 2203 ἀνέρας,

915 2206 1046 2240 insulas
1071 2213 1104 2241 et
1128 2209 1242 2249 viros,
1269 2209 1303 2241 h.
1329 2221 1358 2243 e.
1382 2206 1555 2241 insulanos
1580 2211 1615 2240 et
1639 2206 1726 2241 alios

916 2252 1048 2286 homine
1034 2263 1089 2294 e‚s
1117 2257 1177 2298 qui
1203 2254 1429 2288 continentem
1455 2254 1620 2287 incolunt.

963 2299 1046 2336 144.
1073 2279 1130 2334 45.
1177 2300 1296 2345 inepte
1320 2301 1470 2344 repetita
1495 2312 1537 2332 ex
1562 2302 1619 2341 22,
1645 2300 1723 2334 23.-

915 2355 989 2377 nam
1016 2344 1071 2377 hic
1091 2345 1159 2378 ista
1182 2357 1249 2379 non
1271 2353 1432 2390 aguntur,
1457 2347 1517 2379 scd
1544 2351 1725 2390 praestan-

914 2389 963 2422 tia
988 2397 1052 2422 teu
1059 2390 1105 2434 pli
1131 2391 1209 2424 luci
1203 2404 1267 2435 [ue
1307 2393 1439 2425 Deliaci
1463 2393 1607 2425 aliarum
1630 2392 1725 2425 insu-

914 2437 1019 2469 larum
1045 2448 1086 2469 ac
1110 2437 1284 2480 regionum
1310 2439 1505 2483 opponitur.

964 2484 1039 2515 147.
1087 2490 1291 2517 conventum
1316 2486 1430 2517 Ionum
1456 2483 1542 2517 dicit
1566 2486 1601 2516 et
1624 2483 1725 2517 ludos

915 2538 1052 2569 sacroS‚
1075 2529 1194 2572 quinto
1220 2542 1356 2574 quoque
1382 2542 1469 2563 anno
1498 2530 1532 2563 in
1557 2530 1644 2563 Delo
1669 2530 1725 2563 in-

914 2574 990 2606 sula
1029 2575 1231 2608 celebratos
1289 2589 1322 2610 v.
1362 2577 1406 2609 H.
1443 2575 1551 2609 Hasei
1588 2577 1724 2621 grieclae.

915 2621 1151 2654 Alcprthumsl
1155 2623 1265 2663 unde,
1319 2625 1370 2662 1.‚
1423 2634 1454 2665 p.
1490 2624 1557 2656 107
1577 2642 1622 2646 -—
1643 2625 1724 2659 109.

912 2665 956 2698 D.
983 2666 1169 2700 Moutbelae
1210 2669 1384 2708 „Comme
1415 2668 1440 2701 il
1472 2675 1524 2701 est
1556 2668 1603 2701 ici
1638 2681 1725 2714 que-

911 2712 1003 2745 5ῑίοῃ
1027 2714 1087 2745 des
1124 2712 1281 2754 leniens,
1315 2726 1371 2746 ces
1405 2714 1545 2757 hymnos
1581 2721 1641 2749 ont
1675 2716 1723 2749 du

911 2761 987 2790 etre
1032 2761 1208 2802 composzsss
1248 2739 1351 2803 lo’ng-
1365 2766 1474 2805 temps
1511 2761 1580 2805 (ξ)
1621 2772 1722 2805 apres

912 2816 978 2847 que
1002 2804 1051 2837 les
1069 2805 1224 2838 colonies
1260 2817 1427 2850 grecques
1456 2806 1591 2841 vinrent
1614 2819 1630 2841 s
1633 2807 1723 2841 ’ἐτει-

910 2850 977 2882 blir
1003 2862 1044 2883 en
1069 2852 1171 2891 Asie3
1204 2863 1264 2884 car
1284 2851 1344 2895 Jai
1368 2853 1445 2896 d<³ja
1469 2853 1522 2887 dit
1546 2856 1645 2899 (voy.
1671 2854 1721 2887 les

910 2896 1001 2928 obss.
1037 2907 1094 2929 sur
1131 2896 1163 2930 le
1196 2908 1228 2932 v,
1262 2899 1331 2932 635
1371 2899 1418 2932 du
1451 2900 1506 2934 13.
1541 2900 1644 2934 chant
1677 2901 1721 2934 de

908 2941 1069 2988 l’lliade.)
1094 2954 1161 2989 que
1183 2943 1268 2979 c⁷est
1291 2944 1334 2979 de
1358 2944 1391 2980 la
1416 2945 1474 2991 qu'
1497 2952 1552 2982 est
1575 2958 1663 2984 venu
1687 2947 1720 2980 le

1259 3093 1278 3102 ‘-
