1821 3288
547 143 1135 188 ΟΔΤΣΣΕΙΑΣ
1195 145 1242 188 Y.

1634 152 1719 195 117

286 253 372 307 “Ὼς
395 253 546 327 φάτο,
555 254 633 300 καί
662 253 718 311 ῥά
748 257 794 300 οῖ
819 254 966 301 ύπνον
993 257 1060 301 ἐπὶ
1088 256 1377 313 βλεφάροισιν
1406 260 1576 317 ἕχευενὶ

133 314 187 358 55
220 311 329 371 αὐτη
361 314 387 356 δ
436 312 500 364 ἂψ
529 311 572 364 ἐς
592 312 823 367 ”Ολυμπον
853 313 1048 367 α’φίκετο,
1080 316 1153 357 δῖα
1183 315 1354 369 θεάων,

215 372 312 412 εὐτε
341 369 422 413 τόν
449 368 591 420 ύπνος
620 369 824 442 ε’μαρπτε,
850 370 969 413 λύων
997 370 1268 443 μελεδήματα
1295 373 1467 428 θυμοῦ,

213 424 461 497 λυσιμελής,
461 424 642 496 ἄλοχος
671 425 716 469 δ’
746 424 824 481 α’ρ’
854 427 1058 484 ἐπέγρετο
1087 426 1201 471 κέδν’
1231 430 1394 472 εἰδυῖα·

211 486 334 525 κλαῖε
365 481 408 525 δ’
441 481 508 537 ἄρ’
539 482 586 526 ἐν
615 482 834 539 λέκτροισι
863 485 1131 540 καθεζομένη
1159 489 1437 554 μαλακοῖσιν.

215 538 353 592 αὐτὰρ
382 538 473 582 ἐπεὶ
501 540 719 583 κλαίουσα
745 541 987 594 κορέσσατο
1019 541 1073 586 ὃν
1101 540 1212 585 κατὰ
1241 542 1407 597 θυμὸν,

128 600 184 641 60
211 594 424 651 Ἀρτέμιδι
449 596 694 651 πρώτιστον
723 596 933 650 ἐπεύξατο
965 601 1038 643 δῖα
1067 613 1320 654 γυναικων·

339 675 448 710 emori
471 676 569 721 cupit
593 676 727 722 pariter
752 676 901 721 vigilans
924 678 1121 724 Penelope,
1144 690 1208 713 nec
1232 677 1413 715 obdormit.

286 731 494 788 ,ξἈρτεμι,
523 732 684 777 πότνια
712 733 809 784 θεοὶ,
821 733 1034 803 θύγατερ
1065 734 1189 788 Διὸς,
1220 737 1320 780 ame
1349 752 1428 792 μοι
1455 731 1546 793 ἤδη

211 788 327 832 ἰὸν
311 790 376 833 ενὶ
406 789 614 859 στήθεσσι
645 787 832 860 βαλοῦσ’
863 790 910 833 ἐκ
938 791 1089 844 θυμὸν
1118 791 1235 841 ε’λοιο

208 845 367 889 αὐτίκα
392 850 490 899 νῦν,
519 845 549 902 ἢ
578 845 723 889 ε’πειτά
751 843 806 901 μ’
810 845 1120 917 ἀναρπάξασα
1148 848 1318 894 θύελλα

209 905 374 972 οἴχοιτο
403 903 693 970 προφέρουσα
721 899 822 945 κατ’
852 901 1060 957 ἠερόεντα
1088 904 1294 958 κέλευθα,

124 960 179 1003 65
208 957 256 1002 ἐν
282 963 478 1016 προχοῇς
511 959 558 1002 δὲ
587 957 719 1014 βάλοι
748 957 982 1014 α’ψοῤῥόου
1013 958 1240 1014 ω’κεανοῖο,

36 1047 79 1085 iu
112 1049 257 1089 κακῶν,
287 1061 363 1083 νπ.
396 1047 510 1094 ἤδη,
538 1049 618 1092 jam
653 1059 810 1093 emerges
833 1061 852 1083 e

35 1095 152 1129 malis.
184 1093 278 1139 quod
310 1096 463 1139 pertinet.
493 1061 556 1128 ad]
571 1095 680 1129 verba
712 1095 851 1139 Ulyssis

36 1140 230 1176 dubitantis
248 1140 305 1176 43.
304 1142 391 1187 πῇ
413 1153 476 1175 κεν
499 1138 850 1196 υπεκπροφύγοιμις

81 1188 232 1222 56-60.
270 1181 374 1222 εὖτε
398 1187 483 1223 τὸν
506 1182 660 1229 ν’πνος
682 1206 727 1212 -
753 1192 850 1223 Λυ-

36 1231 244 1290 σιμελής.
291 1232 346 1266 E:
378 1230 438 1269 ὅτι
461 1233 500 1269 ἐν
523 1235 576 1279 τῷ
601 1230 757 1275 ν’πνος
779 1233 849 1270 τὸν

36 1276 216 1316 Ὀδυσσέα
246 1277 476 1322 ε’μοιρπτε,
512 1269 640 1315 λύων
672 1283 765 1324 μελ,
789 1283 847 1323 θ.,

37 1328 132 1362 Λνσ
145 1328 246 1370 ιμελ
261 1325 282 1370 ὴ
296 1338 314 1366 ς
342 1326 437 1362 ἔοικε
460 1330 772 1373 παρετυμολογεῖν
798 1328 848 1372 (h.

37 1384 69 1406 e.
90 1383 204 1416 prava
228 1372 404 1407 notatione
428 1374 612 1416 derivare,
646 1379 684 1408 ut
707 1373 850 1408 videtur

35 1417 240 1459 Eustathio‚
274 1418 334 1452 sed
368 1420 477 1463 male)
513 1419 556 1455 τὸ
588 1418 849 1476 λυσιμελὴς

35 1477 207 1507 νπνος,
240 1465 303 1499 ἵνα
325 1465 382 1511 εἴη
407 1466 581 1508 τοιοῦτος
612 1462 632 1501 ὁ
658 1464 758 1502 λύων
779 1465 849 1506 τοὶς

33 1511 254 1556 μελεδῶνας,
275 1525 309 1547 κ.
334 1515 461 1548 νοοῖτο
492 1511 588 1548 κατὰ
611 1513 702 1557 μίαν
727 1511 849 1548 ε’ννοι-

35 1569 85 1592 αν
103 1558 167 1592 καὶ
185 1555 456 1613 λυσιμελὴς
479 1557 688 1600 συνθέτως,
712 1573 745 1594 κ.
771 1560 850 1594 δια-

34 1602 236 1649 λελυμένους
259 1603 382 1640 λύων
404 1607 497 1650 μελ.
527 1606 705 1662 θυμοῦ,
732 1604 752 1641 ὁ
776 1603 847 1640 αὖ·

34 1650 108 1692 τός.
130 1650 194 1686 καὶ
215 1649 290 1695 μὴν
316 1649 429 1694 αὐτὸς
451 1652 513 1688 καὶ
539 1650 657 1693 ἄλλως
681 1652 750 1697 (⁸3)
773 1664 845 1687 κα-

32 1700 150 1734 λεῖται
180 1695 372 1744 λυσιμελὴς
392 1697 496 1740 παροὶ
518 1698 560 1735 ‘td
586 1698 690 1734 λύειν
711 1699 759 1734 τά
783 1697 845 1753 με’-

32 1747 96 1790 λη,
129 1756 180 1784 ως
210 1745 390 1802 δηλονται
414 1744 483 1789 (?)
516 1744 578 1780 καὶ
609 1744 649 1781 ἐν
682 1747 736 1792 τῷ
764 1743 845 1780 λύ-

31 1792 121 1827 θεν
146 1789 194 1826 δέ
225 1791 271 1827 οὶ
301 1788 428 1834 ἅψεα
450 1789 607 1827 πάντα
632 1791 709 1837 (δ’,
710 1781 844 1835 794).

31 1838 90 1882 εἴη
114 1835 154 1872 δ’
178 1833 226 1872 ἂν
248 1840 419 1878 τοιοῦτος
441 1836 503 1872 καὶ
527 1833 548 1873 ὁ
572 1835 738 1882 κάματος
761 1837 843 1881 (sed

32 1884 172 1918 diverso
199 1885 333 1927 sensu),
356 1884 394 1920 εἴ
411 1895 449 1928 γε
467 1883 528 1919 καὶ
552 1883 751 1939 καμάτῳ
764 1885 845 1939 φί-

34 1932 81 1965 λα
103 1932 218 1973 γυῖα
240 1929 469 1966 λέλυνται
493 1930 556 1974 (11.
581 1929 628 1975 η’,
652 1931 716 1988 6)·
752 1942 845 1966 ωστε

32 1972 150 2015 αὖθις
176 1975 229 2022 τῷ
251 1975 347 2035 λόγῳ
371 1976 495 2021 τούτω
517 1975 634 2017 ἄλλως
661 1975 729 2022 μὲν
763 1979 844 2011 λν-

33 2011 237 2080 σιμελὴς,
260 2021 377 2063 ἄλλως
397 2021 438 2058 δὲ
460 2010 586 2058 λύων
609 2026 699 2067 μελ.
721 2023 845 2069 ψυχῆς

35 2067 56 2106 ὁ
78 2066 202 2110 αὐτός.
226 2069 335 2113 vides,
360 2069 526 2104 hominem
550 2074 781 2104 transversum
806 2081 844 2103 a-

34 2115 72 2162 gi
89 2115 140 2161 τῷ
156 2115 355 2161 πολνσήμῳ
372 2116 470 2150 vocis
485 2115 605 2159 μέλος,
629 2127 717 2160 quae
739 2115 843 2150 etiam

31 2151 229 2207 μελέδημα,
248 2174 367 2197 curam
387 2163 735 2207 sollicitudinemque,
752 2161 844 2195 indi-

32 2209 136 2243 cabat
158 2208 360 2255 antiquitus-
397 2221 462 2243 nec
485 2209 554 2244 alio
578 2208 636 2243 hic
658 2219 760 2243 sensu
784 2219 844 2242 so-

32 2265 130 2290 mnus
153 2261 297 2289 vocatur
320 2254 534 2300 λυσιμελὴς,
560 2256 595 2289 Ιι.
617 2267 647 2289 e.
671 2254 779 2288 verbo
803 2266 843 2288 a·

32 2306 133 2347 petto
173 2301 307 2347 Orphei
352 2301 537 2356 personati
570 2300 842 2345 λυσιμέριμνος,

32 2358 134 2393 quem
167 2359 252 2382 cura
276 2350 402 2392 fugit,
434 2353 474 2382 ut
505 2347 557 2382 ait
580 2347 730 2382 Ovidius
754 2346 842 2382 Met.

33 2396 101 2435 11,
124 2395 204 2429 624.
251 2393 439 2440 Euripides
463 2406 625 2440 quoque,
651 2405 727 2428 cum
752 2393 842 2426 dixit

32 2438 205 2477 θάνατον
227 2442 398 2485 λυσιμελῆ
423 2441 545 2486 Supp}.
569 2440 634 2482 45,
668 2439 759 2474 idem
784 2450 842 2472 co-

31 2486 179 2531 gitavit·
202 2489 238 2521 et
260 2488 374 2522 facete
397 2486 552 2531 Hedylus
576 2486 713 2520 Anthol.
728 2485 843 2519 Palat.

32 2535 69 2568 2.
92 2544 127 2578 p.
150 2531 248 2568 440..
282 2535 521 2591 Λνσιμελοῦς,
543 2532 670 2578 inquit,
696 2530 841 2574 Βάκχον

32 2592 97 2615 και
141 2580 356 2622 λυσιμελοῦς
389 2578 611 2637 Ἀφροδίτης
658 2577 844 2614 Γεννᾶται

32 2623 208 2670 θυγάτηρ
229 2625 420 2671 λυσιμελὴς
444 2625 644 2669 Ποδάγρα,
679 2636 769 2670 quae
791 2623 843 2657 ita

32 2672 244 2708 reddideris·
265 2674 528 2718 Sergenerlb‘ser
541 2671 645 2705 Iacch
665 2671 738 2704 und
759 2671 843 2703 Sor-

33 2719 268 2764 generliiserin
288 2719 342 2762 Ky
322 2720 417 2763 ypris
447 2721 608 2765 Zeugten
646 2718 703 2753 ein
733 2716 842 2750 ΤόοΙι-

34 2765 511 2810 terlein‚sorgener16serin
544 2765 658 2799 Gicht.
704 2761 842 2797 laetitia

34 2814 71 2846 et
91 2791 228 2855 gaudiis
251 2822 351 2846 curas
382 2812 518 2846 solvere
549 2810 636 2844 dicit
668 2809 840 2855 epigram-

32 2857 198 2892 matarius
227 2858 401 2892 Bacchum
439 2861 475 2892 et
510 2857 694 2896 Venerem,
731 2859 840 2889 morte

33 2908 143 2937 autem
167 2903 367 2949 podagram.
390 2903 579 2938 verissime.
615 2906 652 2936 at
675 2880 724 2936 i’bi
748 2912 838 2946 quo-

31 2958 117 2992 que,
153 2955 194 2984 ut
226 2951 317 3004 apud
341 2951 526 2985 Homerum
550 2949 583 2982 h.
609 2949 654 2984 1..
685 2947 839 2982 membra

31 2995 142 3030 soluta
164 2997 350 3043 propinant
372 2993 724 3044 interpretes‚fa1si,
759 2993 837 3040 opi-

897 1061 973 1091 nor,
994 1050 1213 1104 hyperbato,
1226 1049 1319 1096 quod
1342 1049 1432 1085 inest
1455 1049 1490 1085 in
1510 1050 1626 1085 verbis
1648 1045 1710 1086 εὖ-

896 1108 936 1131 τε
958 1115 1006 1120 -
1028 1093 1267 1144 Λυσιμελήςπ
1285 1098 1354 1131 rite
1378 1097 1466 1131 enim
1490 1101 1593 1142 atque
1616 1097 1710 1131 ordi—

898 1154 940 1176 ne
975 1142 1119 1178 dixisset
1154 1144 1236 1179 εὐτε
1269 1142 1336 1179 τὸν
1368 1140 1487 1183 ν’πνος
1519 1140 1710 1199 λυσιμελὴς

896 1187 1068 1233 ἔμαρπτε,
1087 1188 1188 1225 λύων
1211 1192 1288 1233 μελ.
1306 1191 1362 1233 θ.,
1388 1193 1428 1223 ut
1451 1187 1507 1244 ψ’,
1531 1190 1621 1224 342:
1645 1186 1707 1225 ὅτε

896 1235 935 1270 οἱ
969 1233 1102 1280 γλνκνς
1134 1235 1252 1277 ύπνος
1276 1215 1482 1281 Λυσιμελὴς
1515 1234 1706 1279 ἐπόρουσε,

893 1280 993 1317 λύων
1025 1281 1260 1327 μελεδήματα
1294 1284 1438 1326 θυμοῦ.
1485 1282 1621 1315 scilicet
1655 1282 1707 1317 ita

894 1328 1070 1373 explicare
1091 1330 1180 1364 solet
1203 1331 1306 1374 poeta
1325 1330 1432 1363 verba
1455 1328 1557 1374 paulo
1581 1328 1707 1362 obscu-

892 1375 1010 1415 riora,
1042 1379 1084 1409 ut
1106 1375 1162 1409 cui
1186 1375 1438 1420 perspicuitate
1468 1374 1552 1407 nihil
1575 1374 1622 1408 sit
1644 1386 1706 1408 an-

893 1420 1046 1465 tiquius3
1073 1422 1350 1476 quemadmodum
1375 1421 1415 1454 Il.
1442 1418 1478 1462 ι’,
1508 1418 1585 1455 124.
1617 1419 1706 1455 dixit

895 1467 1033 1506 ἵππους
1057 1464 1322 1522 ἀθλοφόρους,
1348 1466 1386 1502 οἳ
1409 1462 1546 1502 αέθλια
1572 1467 1704 1502 ποσσὶν

895 1512 1046 1567 αροντο,
1066 1514 1240 1566 etOdyss.
1262 1512 1308 1560 β’,
1318 1514 1373 1548 65.
1388 1513 1621 1556 περικτίονας
1637 1511 1703 1548 οἶν·

893 1557 1084 1618 θρώπους,
1111 1559 1161 1595 Οι
1182 1560 1490 1604 περιναιετάουσι,
1509 1558 1610 1593 ubiv.
1624 1570 1703 1595 ann.

891 1624 938 1632 —-
958 1604 1205 1661 ἐπέγρετο,
1237 1610 1436 1663 experrecta
1463 1611 1524 1640 est.
1547 1603 1592 1659 χ’,
1619 1604 1702 1647 431,

890 1653 930 1688 ΙΙ.
948 1651 991 1694 κ’,
1005 1653 1146 1688 124etc.
1156 1633 1341 1688 -κέδν’
1361 1652 1536 1688 εἰδυῖα.
1558 1649 1702 1694 α’,428,

889 1701 1034 1735 335eto.
1044 1701 1341 1736 -κλαίουσα
1358 1697 1622 1741 κορέσσατο
1624 1709 1702 1747 pro

887 1746 1101 1789 κλαυθμοῦ,
1120 1745 1337 1780 utHerddot.
1348 1747 1381 1786 9,
1395 1746 1476 1781 39.-
1496 1742 1592 1789 ἄδην
1603 1749 1703 1787 εἰχον

887 1793 1104 1832 κτείνοντες.
1118 1804 1154 1826 v.
1168 1792 1295 1826 matth.
1318 1792 1352 1835 ἕ.
1365 1770 1445 1832 549,
1455 1792 1490 1827 7.
1508 1796 1545 1825 et
1568 1792 1602 1833 ἓ.
1620 1791 1702 1826 330.

888 1858 933 1864 -
951 1838 1239 1893 πρώτιστον.
1263 1836 1308 1879 κ’,
1328 1837 1397 1872 462
1412 1843 1478 1890 ete.

936 1887 1024 1919 61—
1029 1886 1086 1920 65.
1110 1883 1266 1919 πότνα
1288 1883 1394 1919 θεα.
1430 1882 1479 1917 sic
1503 1881 1582 1916 Ald.
1607 1883 1639 1916 3.
1665 1884 1702 1915 et

888 1930 1096 1974 Berglerus3
1120 1942 1186 1964 non
1209 1931 1290 1965 item
1315 1929 1450 1986 scripti,
1474 1928 1568 1973 quod
1591 1928 1702 1962 tradit

888 1977 1090 2011 Nitzschius
1119 1988 1198 2010 ann.
1231 1976 1275 2010 ad
1299 1974 1338 2018 ε’,
1361 1977 1453 2016 215,
1486 1985 1585 2019 quam
1608 1973 1700 2014 vide,

887 2022 949 2057 sed
974 2021 1120 2063 πότνια,
1153 2026 1192 2056 ut
1214 2022 1319 2066 vulgo
1344 2021 1436 2063 libri,
1460 2032 1547 2066 quos
1570 2031 1699 2054 mecum

889 2069 1045 2103 deseruit
1066 2069 1244 2103 Eichhoff.
1280 2068 1414 2101 Etudes
1443 2078 1501 2112 gr.
1536 2078 1595 2100 sur
1624 2066 1701 2099 Ην-

887 2116 982 2159 gne,
1009 2117 1041 2151 3.
1065 2126 1100 2159 p.
1125 2116 1223 2156 162.,
1250 2114 1310 2148 ubi
1336 2114 1421 2147 haec
1446 2112 1634 2158 adscripsit
1655 2111 1700 2145 il-

887 2161 931 2195 lis
954 2160 1110 2195 Maronis
1133 2162 1219 2196 Aen.
1243 2161 1284 2201 9,
1316 2159 1416 2195 495.
1449 2164 1513 2192 aut
1531 2163 1592 2200 tu,
1616 2169 1700 2191 ma-

887 2219 959 2253 gne
981 2212 1084 2251 pater
1106 2207 1232 2249 divom,
1252 2206 1424 2247 miserere,
1456 2210 1581 2248 tuoque
1605 2204 1700 2238 Ιπυί-

888 2265 966 2287 sum
988 2255 1050 2288 hoc
1074 2254 1220 2287 detrude
1245 2257 1349 2295 caput
1380 2251 1441 2285 snb
1468 2252 1623 2285 Tartara
1645 2255 1698 2284 te-

888 2301 932 2334 lo.
984 2300 1028 2334 de
1058 2299 1171 2350 Diana
1202 2298 1344 2332 feminas
1374 2296 1553 2332 occidente
1582 2308 1616 2331 v.
1653 2309 1699 2338 o,

886 2347 955 2381 409
980 2353 1048 2380 etc.
1074 2364 1120 2370 —
1149 2344 1335 2384 ἔπειτα,
1366 2344 1499 2388 igitur,
1536 2354 1610 2377 cum
1643 2353 1699 2377 res

886 2392 937 2426 ita
961 2403 1000 2426 se
1023 2392 1164 2432 habeat,
1188 2403 1263 2425 cum
1285 2370 1367 2425 taiis
1389 2389 1436 2423 sit
1459 2392 1570 2423 status
1586 2400 1698 2422 rerum

888 2450 1049 2472 mearum.
1091 2438 1178 2471 male
1209 2437 1402 2492 interpres.
1435 2441 1566 2479 postea.
1589 2447 1623 2468 v.
1649 2433 1698 2477 α’,

887 2485 952 2527 65,
976 2485 1041 2528 84,
1066 2481 1112 2530 β’,
1137 2485 1236 2539 2⁷3⁹,
1256 2481 1296 2525 ε’,
1321 2483 1378 2523 73,
1412 2481 1521 2527 Soph.
1547 2480 1603 2515 El.
1627 2481 1696 2516 321

888 2535 956 2564 eto.
989 2549 1036 2555 -—-
1071 2529 1173 2563 Sch.:
1214 2526 1445 2586 ἠερόεντα
1479 2525 1695 2561 κέλευθα.

887 2575 955 2613 τὸν
978 2573 1092 2620 οἷέρα,
1127 2573 1153 2620 ἢ
1181 2574 1250 2610 τὸν
1283 2572 1393 2631 ᾅδην.
1416 2573 1573 2607 simihter
1593 2572 1646 2606 Ε·
1672 2568 1696 2616 ἢ

887 2623 934 2658 τοὶ
958 2621 1051 2665 πρός
1079 2620 1186 2657 δύσιν
1207 2621 1270 2657 καὶ
1287 2610 1405 2667 ᾳδην,
1441 2616 1463 2662 ἢ
1487 2618 1550 2654 καὶ
1572 2616 1697 2659 ἆπλως

886 2682 934 2705 τοι
957 2669 1040 2713 περὶ
1063 2667 1167 2713 ἀέρα.
1215 2669 1279 2702 hoc
1301 2677 1420 2701 verum
1443 2675 1540 2706 esse,
1564 2663 1696 2699 iudicat

885 2726 1007 2750 versus
1037 2726 1196 2774 sequens.
1226 2733 1274 2739 —-
1304 2712 1528 2757 προχοῇς.
1562 2708 1600 2752 ε’,
1624 2711 1694 2746 453

887 2767 954 2796 etc.
977 2782 1024 2789 --
1056 2758 1336 2814 daepodgssdp‘v,
1370 2757 1561 2801 circumflui
1589 2767 1694 2791 sensu

886 2807 1015 2843 activo.
1034 2808 1108 2843 Αιιι.
1130 2809 1170 2843 2.
1199 2807 1268 2841 τοῦ
1289 2804 1411 2850 κύκλῳ
1430 2803 1695 2846 περινοστοῦν-

883 2867 949 2895 τος
965 2853 1034 2899 τήν
1052 2853 1146 2899 γῆν,
1170 2866 1203 2888 κ.
1233 2847 1289 2896 οιψ
1309 2850 1422 2887 παλιν
1444 2848 1504 2885 ἐπὶ
1521 2847 1569 2884 τὰ
1593 2847 1692 2883 αὐτὰ

884 2899 1176 2945 αφικνουμένου.
1211 2897 1344 2934 ὁποῖόν
1372 2895 1449 2931 εστι
1468 2894 1530 2931 καὶ
1557 2894 1600 2930 τὸ
1627 2891 1694 2939 οιψ

883 2944 1300 2989 περιτελλομένου
1334 2943 1466 2986 ἔτεος
1497 2940 1564 2988 (λ’,
1585 2942 1692 2987 294).

883 2993 994 3033 cf.11.
1021 3004 1066 3039 6,
1091 2994 1174 3030 399
