1821 3288
530 81 586 134 3.
645 79 818 120 ΕΙΣ
871 78 1229 121 ΕΡΜΗΝ.

1638 87 1722 128 295

230 190 398 248 [Ἑρμῆς
427 205 496 234 τοι
525 186 750 244 πρώτιστα
778 186 946 245 πυρήια
976 189 1067 244 πῦρ
1098 185 1140 231 τ’
1172 187 1400 234 ἀνέδωκεν
1405 171 1427 247 ]’

223 302 361 362 πολλοὶ
394 302 440 345 δὲ
467 300 666 357 κάγκανα
693 304 808 344 κάλα
838 301 1088 357 κατουδαίῳ
1118 299 1182 343 ἐνὶ
1213 299 1367 370 βόθρῳ

228 356 339 404 οὖλα
367 358 514 413 λαβών
543 359 754 414 ἐπέθηκεν
783 358 992 413 έπητανά·
1022 345 1214 412 λάμπετο
1246 357 1294 400 δὲ
1323 358 1435 414 φλόξ

231 416 383 486 τηλόσε
413 420 563 469 φῦσαν
594 418 705 458 ἱεῖσα
733 417 873 467 πυρὸς
907 417 1016 470 μέγα
1045 415 1315 471 δαιομένοιο.

120 475 200 517 115
230 471 352 541 ὄφρα
382 473 428 515 δὲ
456 476 546 527 πῦρ
573 471 744 516 ἀνέκαιε
775 474 848 527 βίη
877 475 1042 516 κλυτοῦ
1072 472 1347 525 Ἡφαίστοιο,

230 529 376 585 τόφρα
406 528 449 572 6
479 529 755 585 ὑποβρυχίας
784 529 928 580 ἕλικας
957 532 1082 599 βοῦς
1098 527 1192 571 ἕλκε
1221 527 1389 581 θύραζε

229 586 355 637 δοιὰς
386 585 482 641 α’γχι
511 586 672 640 πυρός·
706 586 891 641 δύναμις
921 587 967 629 65
997 588 1041 628 οἱ
1068 584 1216 628 ἔπλετο
1245 582 1398 640 πολλή.

229 641 481 698 ἀμφοτέρας
512 642 556 686 6'
587 643 657 686 ἐπὶ
684 647 803 686 νῶτα
831 643 963 698 χαμαὶ
995 641 1100 698 βάλε
1131 641 1404 710 φυσιοώσας,

226 699 427 773 ἐγκλίνας
461 698 504 743 δ’
537 699 761 750 ἐκύλινδε,

791 701 851 743 δι’
883 700 1045 749 αἰῶνός
1074 714 1118 742 τε
1147 697 1340 753 τορήσας

117 761 198 800 120
231 756 344 826 ἔργῳ
376 757 506 828 ἔργον
537 757 696 809 ὄπαζε,
726 771 878 810 ταμων
906 756 1012 808 κρέα
1041 757 1175 798 πίονα
1205 757 1349 825 δημῷ·

228 814 350 856 ὤπτα
381 812 422 857 δ’
436 813 565 883 ἀμφ’
597 813 790 884 ὀβελοῖσι
819 814 1073 866 πεπαρμένα
1104 811 1426 881 δουρατέοισι,

227 871 394 924 σάρκας
425 870 556 926 ὁμοῦ,
586 870 660 913 καὶ
689 885 808 912 νωτα
836 869 1074 939 γεράσμια,
1103 868 1179 910 καὶ
1213 868 1348 920 μέλαν
1378 863 1499 922 αἷμα,

228 926 460 1000 ἐργμένον
469 927 516 970 ἐν
545 926 782 981 χολάδεσσι.
824 925 877 967 τοὶ
905 923 946 968 6
980 924 1118 967 αὐτοῦ
1147 923 1255 967 κεῖτ’
1292 924 1361 967 ἐπὶ
1393 924 1560 982 χώρης

227 984 381 1037 ῥινούς
410 982 460 1026 6'

489 983 741 1052 ἐξετάνυσσε
768 982 1081 1037 καταστυφέλῳ
1120 981 1190 1024 ἐπὶ
1217 981 1368 1036 πέτρη,

119 1040 198 1083 125
226 1042 248 1066 *
280 1040 339 1090 ὥς
368 1040 435 1083 ἔτι
457 1044 543 1082 νῦν
571 1039 732 1093 τάμετζ
763 1038 876 1081 α’σσα
912 1037 1201 1107 πολυχρόνιοι
1231 1037 1442 1106 πεφύασι,

229 1096 373 1150 δηρόν
395 1095 448 1153 δὴ
478 1095 582 1151 μετά
612 1100 772 1146 ταῦτα,
803 1096 877 1139 καὶ
909 1093 1102 1149 ἄκριτον.
1144 1091 1286 1149 αὐτὰρ
1317 1094 1464 1138 ἔπειτα

221 1151 380 1209 Ἑρμῆς
408 1153 685 1209 χαρμόφρων
715 1151 946 1207 εἰρύσσατο
977 1153 1112 1195 πίονα
1142 1151 1249 1206 ἔργα

219 1211 321 1269 λείῳ
353 1211 421 1253 ἐπὶ
450 1214 726 1263 πλαταμῶνι,
758 1210 831 1252 καὶ
862 1209 999 1264 ἔσχισε
1030 1206 1196 1251 δώδεκα
1225 1207 1387 1276 μοίρας

220 1271 529 1339 κληροπαλεῖς·
560 1267 708 1311 τέλεον
742 1266 788 1310 δὲ
816 1266 1006 1322 γέραςπ
974 1266 1250 1336 προσέθηκεν
1280 1262 1453 1320 ἑκαστῃ

110 1327 191 1369 130
220 1322 322 1367 ἔνθ’
353 1323 476 1381 ὁσίης
505 1324 677 1379 κρεάων
703 1321 926 1380 ἠράσσατο
955 1322 1140 1378 κύδιμος
1163 1320 1326 1377 Ἑρμῆς

51 1470 143 1504 pan,
182 1471 238 1494 um
269 1459 306 1494 in
339 1459 394 1494 ein
439 1459 584 1494 anderes
620 1459 863 1515 ausgehc'ihltes

49 1506 159 1539 Stuck
177 1506 265 1540 Holz
278 1506 361 1549 (der
377 1506 491 1540 Schol.
513 1511 619 1539 nennt
638 1517 675 1538 es
695 1504 862 1548 στορεῦς)

47 1552 238 1596 cingetugt‚
263 1563 297 1585 u.
321 1552 428 1586 durch
452 1553 622 1586 schnelles
638 1552 862 1586 Hinausstos-

47 1609 109 1632 sen
142 1609 176 1631 u.
211 1599 471 1632 Herausziehen
505 1599 541 1632 in
575 1599 643 1632 Bra
648 1598 690 1631 id
723 1602 862 1643 gesetzt

47 1654 91 1677 zu
123 1645 289 1678 werden“
313 1649 379 1679 etc.
417 1645 482 1678 hoc
515 1645 546 1679 si
581 1645 715 1679 diceret
745 1647 861 1688 poeta,

47 1689 155 1724 multa
191 1691 250 1724 hic
292 1690 562 1725 intercidissent.
603 1702 693 1724 nunc
735 1695 860 1731 autem,

49 1735 200 1770 admissa
232 1736 449 1770 correctione
483 1742 626 1777 nostra,
657 1736 694 1770 id
728 1736 861 1770 tantum

45 1781 303 1826 intelligendum
332 1782 471 1827 reliquit
501 1781 736 1822 auditoribus,
767 1783 860 1826 quod

48 1827 100 1861 rei
124 1828 225 1872 gnari
248 1828 352 1862 facile
374 1828 627 1872 intelligebant,
653 1807 861 1861 confricasse

26 1864 256 1908 Mercurium
281 1885 393 1907 ramos
416 1874 492 1908 illos
515 1873 755 1908 decorticatos.
801 1886 860 1907 ce-

49 1922 156 1953 terum
182 1920 313 1954 Mosa:
337 1940 379 1945 —
416 1918 507 1956 ελών
538 1919 684 1956 ένίαλλα
709 1918 859 1977 σιδήρῳ,

47 1976 93 2000 ex
116 1965 241 2012 qulbus
265 1966 440 2001 Riemerus
465 1979 520 2012 ap.
546 1967 652 2000 Schn.
687 1978 720 2000 v.
744 1964 862 2001 ἐπιλέ-

47 2023 131 2047 πειν
163 2013 250 2046 hanc
285 2013 532 2047 correctionem
564 2012 768 2068 exsculpsit,
800 2013 861 2046 mi-

48 2057 136 2092 'nime
168 2060 469 2093 contemnendam·
499 2078 543 2084 —-
586 2056 677 2093 ελών
708 2056 861 2102 ἐπέλεψ’

48 2103 104 2140 ἐνὶ
126 2103 224 2149 ἄλλῳ
247 2104 367 2149 (ὄζῳ).
416 2107 468 2139 ita
500 2103 638 2151 σιδήρῳ
662 2117 725 2150 pro
749 2105 861 2139 iuter-

50 2151 248 2198 pretatione
272 2151 461 2185 habendum
487 2158 589 2185 esset.

97 2198 224 2232 112-
244 2197 323 2233 124.
358 2197 598 2243 κάγκανα,
634 2198 860 2238 avida.136,

51 2241 93 2277 n.
117 2241 175 2288 φ’,
207 2244 288 2279 364.
318 2245 458 2287 κᾶλα,
476 2246 612 2300 ligna,
642 2244 742 2277 Hom.
775 2244 861 2277 dicit

51 2289 144 2333 κῆλα
165 2289 292 2326 Ionice.
325 2303 358 2325 v.
384 2291 424 2325 Il.
450 2289 497 2332 α’,
521 2291 566 2327 53
590 2295 657 2325 etc.
683 2309 730 2314 —
752 2303 804 2325 επ
818 2303 860 2335 η-

53 2335 191 2374 envoi,
221 2334 420 2395 ἐπηετανά,
454 2337 543 2382 quod
577 2336 712 2382 quidem
744 2341 859 2370 osten-

54 2381 137 2415 dunt
160 2381 258 2423 libri,
294 2384 356 2418 sed
381 2381 550 2428 ἄμετρον.
575 2384 620 2417 cf.
645 2382 790 2418 Hesiod
813 2385 859 2418 O.

54 2433 92 2461 et
118 2428 156 2461 Ι).
182 2429 249 2463 605
267 2434 333 2464 etc
351 2451 397 2457 —
421 2432 590 2474 φῦσαν,
615 2430 801 2473 spiramen.
816 2448 860 2453 ——

53 2470 385 2519 ῦποβρυχίας,
417 2477 612 2521 germanice
643 2476 862 2519 ᾱιιηψῙὸνιῖί-

52 2520 144 2554 lond.
170 2525 283 2564 aptum
307 2523 481 2566 epitheton
506 2524 623 2561 boum,
658 2533 746 2566 quae
770 2521 862 2554 invi-

51 2570 110 2599 tae
134 2568 414 2610 protraherentur
448 2581 467 2602 ε
489 2568 638 2602 stabulo.
694 2567 865 2601 Hesiodus

53 2611 178 2656 Theog
182 2624 212 2645 n.
237 2614 334 2647 832:
369 2613 510 2657 ταύρου
541 2612 750 2673 ἐριβρύχεω.
784 2613 865 2646 hinc

14 2659 26 2664 ‘
55 2623 178 2694 Barn.g
188 2663 224 2692 et
247 2658 304 2692 alii
329 2659 600 2696 inconsiderate.
634 2657 863 2705 ε’ριβρύχους.

55 2703 144 2739 idem
168 2711 292 2740 sonant
313 2702 541 2752 υποβρύχιος
573 2711 609 2743 et
637 2706 862 2763 υπόβρυχος.

56 2750 353 2795 -ἐγκλίνας
385 2753 472 2809 Ilg.‚
497 2755 614 2789 Herm.
639 2755 772 2789 Mose..
805 2751 863 2787 ἐκ·

55 2797 193 2841 κρίνας.
220 2798 342 2843 vulgo:
380 2796 561 2843 ἐγκλίνων.
587 2821 633 2828 -.
665 2801 856 2839 αἰῶνος.

56 2841 112 2878 42.
131 2866 177 2871 -—
197 2845 310 2890 ἔργῳ
333 2844 472 2889 ἔργον
495 2846 623 2882 Frank.
641 2846 737 2881 libri:
764 2844 858 2889 ἔργῳ

55 2886 95 2922 δ’
121 2888 237 2935 ἔργον.
258 2915 305 2920 -
327 2892 451 2927 νῶτα
474 2905 565 2948 γερ.
590 2913 634 2918 -
657 2896 744 2937 χολ.
771 2892 865 2925 hisce

55 2934 121 2979 llg-
144 2939 301 2974 adhiberi
320 2939 426 2984 jussit
449 2939 488 2972 ll.
510 2936 557 2984 η’,
581 2938 709 2985 Odyss.
734 2935 778 2981 σ’,
802 2936 860 2979 44,

907 1457 955 1501 ν’,
987 1459 1033 1494 25
1067 1461 1102 1492 et
1122 1467 1231 1514 seqq·
1265 1474 1313 1481 “““
1353 1479 1381 1509 ’2
1367 1452 1443 1495 ’τά
1474 1450 1545 1493 δὲ,
1586 1453 1722 1497 reliqua

907 1510 1046 1552 praeter
1085 1502 1225 1548 σάρκας
1260 1506 1296 1536 et
1329 1501 1443 1536 νῶτα.
1479 1511 1512 1534 V.
1546 1499 1658 1543 hymn
1685 1499 1721 1533 in

907 1553 989 1585 Cer.
1020 1552 1133 1586 456.“
1174 1550 1311 1583 Frank.
1340 1567 1384 1572 ——
1418 1557 1608 1581 καταστ.
1663 1557 1721 1579 as-

903 1609 1003 1642 pera.
1026 1615 1072 1622 -—
1097 1596 1156 1632 ἐπὶ
1182 1608 1203 1630 a
1225 1593 1391 1629 Barnesio
1418 1598 1483 1628 est.
1507 1591 1603 1626 libri.
1629 1590 1697 1626 ἐνί.

955 1643 1032 1679 125.
1058 1643 1189 1676 Mose-z
1223 1642 1295 1676 νῦν
1328 1639 1376 1674 τά
1410 1639 1559 1683 μέτασα.
1596 1639 1722 1680 proba-

907 1689 1025 1724 biliter
1058 1689 1197 1727 Herm„
1235 1687 1421 1722 secundum
1449 1685 1542 1741 Ilg:
1587 1682 1636 1724 ὥς
1666 1683 1720 1719 έτι

906 1737 976 1771 νῦν
1000 1732 1156 1777 τάνυθζ
1181 1732 1274 1769 α’σσα
1297 1730 1524 1778 πολυχρόνια
1539 1729 1719 1775 πεφύασι,

906 1782 1194 1826 quemadmodum
1216 1792 1306 1814 nunc
1331 1790 1473 1824 quoque,
1498 1779 1605 1811 multo
1629 1783 1721 1822 post,

906 1829 1115 1869 tenduntur,
1150 1838 1240 1872 quae
1270 1827 1410 1860 natura!
1423 1825 1472 1859 ad
1506 1825 1721 1857 diuturnita-

905 1881 974 1908 tem
999 1876 1106 1917 sacta
1140 1878 1231 1908 sunt.
1265 1872 1370 1916 (liga
1404 1890 1448 1896 —
1481 1876 1644 1915 quotquot
1676 1881 1721 1903 ca

905 1925 987 1954 sunt
1025 1926 1174 1962 natura,
1216 1923 1255 1953 ut
1301 1919 1442 1963 longum
1477 1922 1612 1961 tempus
1653 1916 1720 1950 do-

905 1966 1055 2009 rent.),
1060 1964 1169 2009 ,ἅσσα
1194 1977 1261 1999 non
1284 1964 1335 1997 sic
1367 1963 1541 2018 intelligo,
1577 1967 1615 1996 ut
1638 1961 1720 2004 δέρ-

905 2025 1005 2057 ματα
1028 2012 1244 2058 cogitentur,
1276 2011 1336 2044 sed
1369 2009 1587 2055 generatim,
1619 2009 1720 2053 quid-

906 2060 990 2104 quid
1013 2059 1060 2092 de
1089 2059 1235 2102 pellibus
1265 2058 1466 2091 diuturnum
1492 2061 1551 2089 est.
1589 2055 1721 2090 indicat

906 2105 994 2139 enim
1028 2108 1153 2150 peina,
1178 2108 1216 2137 ut
1239 2109 1344 2148 puto,
1371 2103 1477 2147 pelles
1500 2102 1638 2135 extendi
1662 2113 1719 2135 re-

906 2152 1011 2185 sectis
1035 2151 1247 2185 mollioribus
1282 2149 1463 2194 partibus,
1495 2159 1584 2192 quae
1617 2147 1720 2181 facile

905 2197 1069 2232 rancidae
1101 2197 1225 2230 fiunt“
1250 2200 1316 2229 etc.
1354 2196 1475 2228 Herm.
1505 2195 1572 2228 imo
1614 2193 1719 2228 intel-

904 2243 1014 2288 ligere
1029 2243 1169 2277 videtur
1191 2242 1297 2287 pelles
1313 2241 1532 2285 grandiorum
1551 2243 1585 2273 et
1601 2241 1719 2283 justae

905 2289 1030 2324 aetatis
1055 2288 1267 2331 animalium,
1300 2299 1391 2332 quae
1415 2287 1521 2331 pelles
1544 2286 1719 2319 durabiles

906 2341 1006 2379 sunt,
1041 2341 1076 2368 et
1098 2333 1329 2369 subactionem
1354 2334 1481 2366 ferunt.
1507 2332 1585 2366 hinc
1611 2332 1648 2365 ΙΙ.
1671 2345 1717 2386 ρ,

906 2383 1007 2422 389.,
1038 2380 1096 2414 ubi
1120 2381 1242 2416 modus
1265 2379 1495 2420 describitur,
1526 2389 1594 2424 quo
1620 2379 1719 2412 coria

907 2428 1159 2482 depsebantur·
1199 2439 1248 2467 ως
1272 2424 1310 2461 6’
1339 2422 1400 2461 o't’
1433 2422 1529 2469 ἀνὴρ
1558 2422 1717 2466 ταύροιο

907 2474 999 2527 βοός
1021 2472 1139 2518 μεγά
1153 2475 1261 2508 loco
1297 2473 1431 2529 βοείην
1447 2473 1603 2506 Λαοῖσιν
1637 2469 1718 2517 δῴῃ

906 2518 1056 2556 τανύειν
1081 2523 1149 2553 etc.
1177 2538 1220 2544 -—
1254 2516 1452 2562 τάνυθᾎ
1477 2516 1647 2552 τάνυται

958 2568 1067 2602 126-
1075 2564 1153 2601 148.
1174 2564 1523 2609 δηρὸνμετοὶτη
1533 2575 1564 2598 κ.
1587 2560 1717 2608 ἄκρι-

909 2625 1004 2653 τον,
1028 2616 1068 2646 ut
1091 2608 1243 2656 ἄκριτον
1267 2610 1342 2646 αἰεὶ
1365 2608 1717 2656 Odyss.o'‚173.—

908 2657 1222 2714 χαρμόφρων,
1246 2659 1398 2702 χαίρων.
1426 2676 1472 2683 -
1502 2656 1611 2702 λειω
1633 2654 1717 2691 ἐπὶ

907 2708 1052 2748 πλατ.,
1076 2707 1114 2739 in
1142 2707 1213 2739 loco
1236 2706 1352 2748 plano.
1378 2715 1409 2737 v.
1441 2702 1543 2736 Schn.
1569 2714 1604 2736 v.
1624 2705 1718 2737 πλα-

906 2749 1047 2792 ταμών.
1070 2769 1117 2779 -
1147 2751 1331 2786 δώδεκα
1362 2749 1553 2804 μοίρας,
1576 2760 1716 2783 numero

904 2799 1065 2843 majorum
1085 2797 1238 2838 deorum,
1259 2802 1299 2831 ut
1315 2796 1511 2841 suspicatur
1529 2795 1657 2829 Frank.
1669 2816 1716 2823 --

904 2846 980 2879 τελ
993 2857 1070 2880 εον
1102 2843 1259 2888 γέρας,
1287 2844 1480 2886 perfectum
1502 2841 1716 2896 plenumque

910 2891 1071 2925 honorem
1093 2889 1263 2930 muneris,
1295 2890 1328 2922 h.
1358 2900 1385 2922 e.
1422 2887 1612 2932 portionem
1631 2887 1717 2931 justi

908 2936 1083 2984 ponderis.
1095 2934 1355 2981 -ὁσίης(Ιι.
1374 2935 1410 2977 2,
1427 2934 1505 2980 60.)
1525 2933 1715 2981 κρεάων,
