1821 3288
956 714 1001 752 Β.

180 844 448 907 ἘΙΣ
523 844 1174 906 ΑΠΟΛΛΩΝΑ
1250 844 1707 905 ΠΥΘΙΟΝ.

579 1159 1373 1197 ARGUMENTUM.

365 1248 494 1284 Auctor
517 1248 632 1295 hymni
656 1252 692 1286 in
717 1250 907 1297 Apollinem
933 1251 1093 1296 Pythium
1121 1253 1195 1287 sive
1229 1253 1430 1297 Delphicum
1463 1263 1538 1286 cum
1569 1249 1806 1296 proposuisset

282 1292 475 1338 Apollinem
499 1297 677 1332 celebrare
702 1298 803 1343 primi
827 1298 955 1332 oraculi
980 1300 1209 1342 conditorem,
1248 1300 1423 1333 exordium
1450 1298 1610 1332 carminis
1635 1297 1736 1341 petiit
1758 1296 1803 1330 ab

278 1350 344 1382 eo,
378 1342 472 1384 quod
499 1344 620 1387 Apollo
646 1344 777 1379 cithara
801 1356 925 1378 canens
950 1345 1063 1389 Pytho
1089 1346 1198 1385 itare,
1238 1346 1390 1391 indeque
1418 1350 1579 1379 reversus
1613 1343 1648 1376 in
1681 1343 1804 1387 Olym-

277 1396 356 1430 pum
378 1386 462 1421 deos
485 1395 562 1423 arte
588 1391 714 1425 musica
735 1402 797 1424 sua
822 1391 1014 1424 exhilarare
1038 1398 1130 1425 esset
1153 1391 1286 1426 solitus.
1789 1402 1794 1409 “

360 1432 478 1467 Finito
503 1436 695 1479 prooemio,
721 1436 939 1481 transituque
974 1437 1015 1470 ad
1052 1439 1161 1481 ipsam
1194 1439 1341 1481 fabulam
1374 1437 1578 1471 narrandam
1611 1434 1662 1469 ita
1692 1435 1805 1476 factos

280 1480 342 1518 ut,
385 1490 452 1523 qua
484 1481 695 1524 potissimum
730 1482 833 1516 laude
867 1483 1091 1517 celebrandus
1126 1485 1248 1529 Apollo
1281 1485 1346 1524 sit,
1391 1485 1565 1527 ambigere
1596 1493 1634 1515 se
1669 1480 1803 1514 simulet

273 1524 476 1568 (ΒΟ-38),
508 1526 607 1561 deum
632 1527 762 1562 inducit
793 1530 980 1572 complures
1014 1541 1076 1573 per
1114 1535 1227 1563 terras
1261 1529 1371 1562 locum
1405 1530 1535 1563 oraculi
1566 1532 1799 1573 quaerentem.

273 1569 410 1622 tan-dem
434 1573 594 1615 pervenit
618 1574 661 1606 ad
686 1574 906 1618 Tilphussam
931 1576 1058 1608 fontem
1095 1576 1282 1619 Boeotiae,
1314 1576 1432 1620 ibique
1466 1581 1549 1618 apto
1586 1575 1660 1608 loco
1692 1573 1801 1617 prima

272 1615 357 1658 jemt
381 1618 496 1660 templi
525 1618 763 1661 fundamenta,
799 1631 872 1653 cum
898 1622 1047 1664 nympha
1074 1622 1279 1666 Tthussa,
1313 1622 1356 1655 de
1388 1621 1588 1654 celebritate
1620 1631 1682 1652 sua
1706 1618 1802 1652 soili-

274 1661 366 1701 cita,
398 1662 521 1696 callide
547 1666 734 1708 persuadet
759 1666 843 1706 deo,
879 1672 917 1698 ut
950 1667 1098 1699 absistat
1122 1678 1141 1699 a
1167 1668 1365 1712 proposito,
1401 1673 1437 1700 et
1461 1667 1575 1709 potius
1601 1666 1741 1699 Crissae
1764 1665 1800 1697 iu

274 1706 427 1741 Phocide
452 1710 625 1743 oraculum
649 1710 807 1745 instituat
833 1712 1044 1755 (38—97).
1087 1713 1142 1746 cui
1174 1714 1358 1746 obsecutus
1385 1713 1507 1757 Apollo
1539 1713 1601 1745 sub
1628 1712 1800 1744 Parnasso

273 1752 436 1797 templum
465 1756 623 1789 condidit
646 1757 681 1790 in
708 1757 832 1791 vicinia
856 1758 981 1798 sontis,
1018 1759 1060 1792 ad
1099 1770 1194 1803 quem
1222 1759 1318 1792 brevi
1345 1758 1622 1803 postinventam
1655 1767 1821 1801 serpen-1

273 1802 364 1838 tem,
390 1801 533 1834 terroris
558 1802 738 1847 damnique
762 1803 857 1837 multi
882 1809 1054 1838 auctorem
1079 1805 1220 1846 incolis,
1254 1804 1394 1849 sagittis
1417 1804 1487 1837 suis
1511 1803 1638 1837 occidit
1669 1805 1730 1846 (98
1755 1813 1821 1878 —A

273 1845 373 1887 127).
411 1845 599 1892 interponit
626 1849 658 1882 h.
683 1850 704 1881 l.
733 1854 835 1893 poeta
859 1849 1045 1894 episodium
1074 1852 1117 1885 de
1142 1852 1336 1896 Typhone,
1370 1851 1464 1894 cujus
1488 1849 1545 1883 illa
1569 1859 1710 1893 serpens
1735 1860 1801 1881 nu-

273 1890 343 1924 trix
376 1891 492 1925 fuerat
526 1894 779 1939 (128—178);
817 1895 895 1929 dein
928 1897 1065 1930 caedem
1097 1898 1231 1930 bestiae
1271 1897 1372 1942 paulo
1406 1895 1602 1930 accuratius
1634 1894 1800 1928 describit

273 1936 524 1981 (179—197).
572 1952 639 1985 qua
664 1941 864 1976 infestatum
888 1942 996 1976 locum
1022 1943 1102 1987 quia
1128 1955 1189 1988 per
1213 1944 1370 1976 fraudem
1396 1942 1695 1981 commendaverat
1719 1940 1801 1973 Til-

273 1982 423 2027 phussa‚
454 1984 566 2027 illam,
606 1999 766 2021 reversus
800 1988 843 2021 ad
877 1988 950 2031 ejus
992 1990 1140 2029 fontem,
1183 1990 1305 2033 Apollo
1336 1989 1515 2022 ulciscitur
1550 1986 1813 2031 (198—210).,

273 2034 471 2073 postremo,
498 2033 679 2076 quoniam,
705 2038 881 2068 exstructo
907 2035 1053 2079 templo,
1093 2046 1180 2079 opus
1204 2041 1280 2069 erat
1301 2034 1560 2073 sacerdotibus,
1594 2033 1652 2076 qui
1675 2032 1711 2066 id
1736 2044 1798 2066 cu·-

273 2080 411 2118 rareut,
437 2077 572 2120 adjecta
597 2079 716 2113 fabula
742 2085 794 2112 est
819 2080 862 2113 de
886 2081 1132 2116 mercatoribus
1158 2081 1404 2120 Cretensibus,
1442 2090 1527 2125 quos
1551 2079 1672 2122 Pylum
1697 2077 1799 2112 navi-

270 2125 394 2163 gantes
426 2123 548 2167 Apollo
579 2126 696 2169 specie
727 2125 880 2169 delphini
918 2138 938 2160 a
971 2138 1072 2161 cursu
1107 2127 1290 2161 deflexisse
1325 2132 1361 2160 et
1390 2126 1424 2159 in
1458 2126 1567 2159 sinum
1599 2126 1798 2159 Crissaeum

270 2166 459 2211 perductos
481 2180 655 2206 sacrorum
677 2182 816 2207 suorum
841 2172 1017 2207 antistites
1041 2173 1264 2209 constituisse
1288 2173 1508 2208 credebatur.
1539 2172 1574 2206 Ε
1593 2171 1777 2206 Fundam.-

828 2302 909 2312 ——-

305 2369 492 2460 Φοῖβε,
522 2404 568 2449 σὲ
596 2405 676 2461 μὲν
703 2407 778 2452 καὶ
806 2408 972 2461 κύκνος
999 2409 1089 2454 ὑπὸ
1119 2408 1348 2466 πτερύγων
1375 2405 1464 2466 λίγ’
1497 2408 1653 2463 ἀείδει,

304 2459 419 2516 ὄχθῃ
449 2461 739 2516 ἐπιθρώσκων
769 2467 970 2524 ποταμὸν
1000 2467 1120 2522 παρὰ
1150 2468 1352 2524 δινήεντα

301 2517 522 2573 Πηνειόν·
554 2519 601 2563 σὲ
631 2520 677 2564 δ’
709 2521 883 2575 ἀοιδὸς,
916 2524 1025 2580 ἔχων
1054 2523 1277 2579 φόρμιγγα
1306 2525 1496 2577 λίγειαν,

294 2571 513 2631 Ἡδυεπὴς
539 2577 718 2632 πρῶτόν
745 2596 810 2632 τε,
843 2581 918 2624 καὶ
949 2581 1138 2625 ὕστατον
1168 2581 1262 2625 αἰὲν
1292 2578 1438 2624 ἀείδει.

174 2705 208 2740 2·
250 2706 407 2751 Hymnus
450 2711 487 2743 ἰπ
530 2712 723 2756 Apollinem
767 2716 941 2760 Pythium.
987 2728 1097 2751 rerem
1121 2716 1264 2750 exordia
1295 2716 1351 2750 vel
1382 2712 1546 2760 rhapsodi
1577 2710 1713 2746 delecta
1736 2720 1794 2744 red

129 2750 237 2806 vers-⁶
257 2754 274 2787 1
291 2755 382 2789 —4-
431 2757 559 2801 Sagaci
584 2761 785 2803 conjectura
808 2764 942 2808 reperit
988 2763 1113 2797 citasse
1138 2774 1200 2808 pro
1234 2762 1380 2807 integris
1411 2760 1558 2805 hymnis,
1588 2757 1643 2791 vel
1676 2757 1792 2801 potius

128 2796 301 2852 ligem-¹¹⁵,
336 2800 402 2834 huc
428 2803 602 2846 pertinere
626 2817 764 2849 versus,
801 2811 860 2852 qui
884 2822 940 2844 se-
986 2809 1118 2843 librarii
1153 2810 1337 2853 separatim
1372 2806 1598 2850 descripsisse
1621 2803 1793 2843 videntur,

127 2850 275 2896 Pa¹9t¹ffl
310 2846 468 2890 leguntur
505 2849 540 2882 in
580 2850 679 2884 libris
717 2854 842 2897 hymno
879 2867 939 2890 seu
986 2867 1060 2888 cum
1084 2860 1234 2889 totorum
1258 2855 1401 2888 istorum
1435 2851 1616 2886 carminum
1643 2849 1794 2893 longitu-

128 2894 244 2942 P⁰{¹¹¹S
268 2893 442 2934 Ρῐθθθωὶῦ
479 2896 560 2935 91-;
601 2900 878 2940 quemadmodum
904 2907 939 2936 et
986 2901 1076 2934 dinis
1101 2907 1295 2945 pertaesum
1319 2903 1422 2934 esset.
1449 2898 1543 2941 cujus
1569 2896 1706 2940 quidem
1730 2904 1792 2927 su·-

128 2945 288 2979 majorum
313 2937 509 2984 hymnorum
525 2941 560 2977 in
581 2941 788 2982 Mercurium
812 2952 848 2982 et
869 2947 937 2984 Ce-
983 2946 1147 2994 spicionis
1170 2958 1253 2983 suae
1277 2952 1358 2994 post
1380 2942 1552 2992 poenituit
1577 2941 1687 2978 virum
1711 2949 1791 2976 eru-
