1821 3288
542 95 1120 141 ΟΔΥΣΣΕΙΑΣ
1170 94 1226 136 X.

1626 95 1710 136 189

219 212 269 256 ἐκ
296 209 466 283 φόνου
471 209 533 260 εἷς
563 206 724 263 αὐλήν,
755 204 810 250 σύ
838 221 883 250 τε
911 204 985 249 καὶ
1012 203 1279 274 πολύφημος
1305 200 1522 286 ἀοιδός.κ
1516 235 1518 237 .

222 267 330 326 ὄφρ’
364 283 420 311 αν
449 262 531 322 ἐγω
563 267 673 308 κατὰ
704 265 828 319 δῶμα
857 262 1126 319 πονήσομαι,
1159 260 1279 304 ὅττεό
1309 277 1361 316 με
1389 260 1522 318 χρή.κ

371 345 479 391 igitur
501 345 552 379 illi
575 343 672 378 domo
698 343 847 388 profecti
884 341 1066 377 considunt
1090 341 1133 376 ad
1159 352 1251 375 aram
1275 339 1385 375 Jovis.

285 400 370 454 ’.Ως
400 400 536 473 φάτο
567 400 627 444 τῶ
658 399 702 443 δ’
731 400 809 452 ἔξω
832 398 977 468 βήτην
1007 397 1217 454 μεγάροιο
1247 396 1442 451 κιόντες,

223 459 399 516 ἑζέσθην
428 457 469 503 δ’
502 457 589 513 α’ρα
618 457 727 512 τοίγε
757 455 866 507 Διός
894 455 1087 511 μεγάλου
1116 455 1216 497 ποτὶ
1245 452 1419 526 βωμὸν,

110 524 193 564 380
224 517 414 561 πάντοσε
443 515 746 567 παπταίνοντε,
779 512 925 569 φόνον
951 511 1246 567 ποτιδεγμένω
1277 511 1373 553 αἰεί.

273 597 420 642 Ulysses
458 599 640 643 postquam
672 604 796 640 procos
837 602 950 628 omnes
985 592 1118 627 occisos
1154 590 1273 633 videt,
1307 588 1513 634 Eurycleam
1548 586 1711 623 advocari

188 644 296 688 jubet.

302 697 535 770 Πάπτηνεν
565 695 611 741 δ’
636 694 846 747 Ὀδυσεὺς
875 693 983 740 καθ’
1013 694 1088 739 ἑὸν
1117 692 1269 749 δόμον,
1299 693 1339 736 εἰ’
1353 708 1419 744 τις
1441 689 1502 736 ἐτ’
1535 688 1713 746 ἀνδρῶν

223 755 330 809 ζωὸς
357 754 696 807 ὑποκλοπέοιτο,
728 753 928 796 ἀλύσκων
957 757 1070 807 κῆρα
1100 752 1322 805 μέλαιναν.

220 812 326 864 τοὺς
357 813 402 855 δὲ
431 814 523 855 ἰ’δεν
553 810 668 865 μάλα
698 809 864 859 πάντας
894 809 940 851 ἐν
969 811 1114 877 αι’ματι
1143 808 1215 850 καὶ
1246 807 1421 864 κονίῃσι

221 873 466 919 πεπτεῶτας
494 867 704 919 πολλους,
735 882 792 915 ως
827 864 1007 920 ἰχθύας,
1039 863 1170 907 οὕσθ’
1205 862 1351 919 ἁλιῆες

108 929 192 972 385
221 931 372 969 κοῖλον
401 925 443 975 ἐς
479 923 675 977 αἰγιαλόν
703 926 858 977 πολιῆς
888 921 1068 964 ε’κτοσθε
1096 920 1324 975 θαλάσσης

223 981 394 1051 δικτύῳ
413 981 621 1032 ἐξέρυσαν
649 982 871 1049 πολυωπῷ
901 980 964 1033 (οἱ
993 978 1040 1021 δέ
1068 993 1113 1020 τε
1142 976 1316 1027 πάντες,

222 1026 394 1107 κύμαθ’
425 1035 529 1086 ἁλὸς
558 1035 810 1086 ποθέοντες,
842 1035 910 1078 ἐπὶ
939 1035 1189 1089 ψαμάθοισι
1218 1034 1435 1088 κέχυνται,

221 1099 312 1138 τῶν
341 1093 421 1164 μέν
449 1091 490 1135 τ’
521 1093 665 1148 η’έλιος
695 1094 895 1163 φαέθων
909 1091 1089 1142 ἐξείλετο
1117 1089 1310 1146 θυμόν>·

223 1149 282 1201 (ὃς
311 1149 404 1193 τότ’
435 1149 522 1202 ἄρα
552 1153 796 1206 μνηστῆρες
826 1147 895 1192 επ’
925 1147 1149 1203 αλλήλοισι
1177 1147 1373 1202 κέχυντο

106 1211 191 1254 390
221 1209 274 1264 δὴ
303 1205 400 1250 τότε
433 1207 682 1279 Τηλέμαχον
704 1206 913 1276 προσέφη
943 1205 1185 1260 πολύμητις
1209 1199 1471 1252 Ὀδυσσεύς·

299 1262 555 1336 ,,Τηλέμαχ’
560 1295 571 1312 ,
605 1265 641 1306 εἰ
671 1261 727 1309 δ’,

761 1261 837 1317 ἄγε
866 1278 941 1318 μοι
969 1261 1156 1305 κάλεσον
1183 1260 1355 1315 τροφὸν
1378 1255 1669 1314 Εὐρύκλειαν,

222 1337 342 1390 οφρα
371 1321 473 1370 ἔπος
503 1322 670 1374 είπωμι,
702 1320 750 1362 τό
781 1335 857 1373 μοι
887 1317 1171 1373 καταθύμιόν
1202 1331 1330 1360 εστιν
1333 1320 1357 1343 ‘⁶

287 1376 370 1428 Ὼς
400 1377 537 1432 φάτο·
574 1375 822 1431 Τηλέμαχος
853 1376 898 1418 δὲ
928 1377 1051 1442 φίλῳ
1073 1376 1322 1418 ἐπεπείθετο
1350 1371 1498 1426 πατρὶ,

222 1433 406 1493 κινήσας
435 1433 481 1476 δὲ
510 1434 656 1501 θύρην
681 1435 880 1500 προσέφη
909 1430 1082 1485 τροφόν
1112 1429 1416 1486 Εὐρύκλειαν·

108 1491 192 1535 395

309 1494 495 1543 ,,Λεῦρο
526 1490 579 1543 δή
610 1489 733 1544 ὄρσο,
764 1505 876 1543 γρηυ
906 1488 1182 1561 παλαιγενὲς,
1214 1487 1289 1543 ἥτε
1317 1485 1545 1542 γυναικῶν

221 1548 411 1604 δμωάων
441 1545 604 1598 σκοπός
636 1547 729 1589 ἐσσι
758 1544 868 1590 κατὰ
898 1544 1051 1602 μέγαρ’
1085 1543 1364 1601 ἡμετεράων]

50 1649 172 1694 γεσιής
195 1647 307 1685 οὐδεν
331 1647 585 1693 α’ρειότερον.“
614 1651 647 1682 F
674 1650 722 1685 cl.
748 1667 791 1673 —-
816 1647 861 1683 ἐκ

53 1695 233 1740 φόνου,
259 1708 277 1730 e
301 1697 479 1737 caede‚h
483 1721 490 1728 .
528 1708 557 1728 e.
591 1696 708 1728 eloco
734 1695 859 1728 caedis.

52 1753 88 1774 v.
125 1754 203 1777 ann.
237 1743 280 1776 ad
315 1741 446 1775 Comici
481 1742 571 1786 Eq.u
611 1743 697 1775 1275
723 1748 790 1774 etc.
816 1760 860 1765 —

52 1788 105 1822 Ε·
125 1786 431 1844 πολύφημος
464 1755 638 1828 αοιιδὸς
673 1784 691 1820 ὁ
720 1785 861 1842 Φήμιος

52 1831 78 1878 ἢ
109 1830 159 1874 ὠς
190 1833 308 1878 σοφὸς
351 1848 382 1869 κ.
422 1833 649 1876 πολυῖστωρ,
690 1845 721 1867 κ.
758 1846 859 1867 ουτω

51 1881 190 1920 πολλάς
221 1880 348 1939 φήμας
387 1878 517 1920 εἰδώς,
561 1876 584 1924 ἢ
621 1878 669 1919 ὥς
701 1880 859 1920 πολλούς

55 1928 246 1970 φημίζων,
269 1941 291 1972 η
319 1939 368 1966 ως
391 1923 464 1960 υπὸ
488 1926 634 1961 πολλῶν
658 1926 770 1960 τοῦτο
791 1927 862 1960 πά-

55 1984 149 2016 σχων
175 1979 241 2007 etc.
259 1992 304 1998 —-
329 1969 627 2015 πονήσομαι,
653 1985 860 2016 π-ωμαι,

55 2032 92 2060 ι,
115 2020 218 2055 25οΛ
251 2017 369 2075 αύταρ
393 2016 519 2064 ἐπειδή
545 2021 675 2054 σπεῦσε
698 2017 862 2065 πονησά-

52 2077 162 2111 μενος
184 2064 231 2100 to}
255 2079 278 2099 α
305 2065 390 2110 ἔργα
414 2070 482 2097 etc.

100 2118 221 2151 378—
232 2118 312 2151 388.
381 2113 579 2154 κιόντες.
642 2113 692 2148 εἷο
736 2117 776 2150 Α.
814 2113 862 2156 4.‚

54 2163 181 2208 plurali
211 2164 376 2208 usurpato
422 2172 485 2205 pro
528 2160 640 2202 duali,
682 2164 721 2194 ut
751 2161 791 2194 ΙΙ.
816 2158 860 2204 γ’,

54 2211 123 2244 210
139 2214 204 2242 etc.
230 2209 354 2253 vulgo.
372 2208 512 2248 κιόντε,
534 2205 710 2249 Εζέσθην
734 2225 800 2247 -,
826 2207 861 2240 in

57 2267 125 2299 quo
149 2254 308 2309 displicet.
340 2254 467 2287 hiatus.
503 2272 545 2278 —
579 2253 862 2296 ποτιδεγμέ-

54 2313 126 2336 νω.
170 2300 216 2357 β’,
247 2301 316 2335 205
339 2305 404 2333 etc.
441 2318 485 2324 —
520 2299 574 2332 Ε.·
602 2300 722 2341 ζωός
755 2297 863 2334 ὑπο-

55 2346 320 2382 κλοπέοιτο.
380 2343 496 2390 ἤγουν
547 2343 770 2381 ύποκλεπτοι
818 2345 859 2381 τὸ

58 2394 142 2437 ζῇν,
177 2389 197 2436 ἢ
228 2391 439 2436 κρύπτοιτο.
480 2411 526 2417 -—
573 2405 631 2432 ως
671 2391 861 2436 ἰχθύας.

58 2442 110 2473 sic
141 2439 275 2472 Alterus
316 2450 359 2472 ex
394 2438 484 2479 suis,
519 2449 661 2481 quorum
696 2439 786 2471 solus
821 2440 861 2472 A.

60 2488 93 2520 1.
117 2485 221 2518 habet
244 2482 341 2519 ὥστ’
366 2485 462 2528 effi„
490 2483 616 2518 ου’σθ’
641 2483 718 2526 ἁλ.,
744 2485 796 2517 bis
820 2484 862 2517 il-

57 2530 130 2564 lata
163 2531 330 2575 particum
364 2536 502 2575 praeter
533 2531 783 2565 necessitatem.
819 2547 863 2553 —

58 2579 230 2611 κοῖλον
264 2574 306 2615 ές
331 2578 422 2621 aly.
413 2601 445 2617 .‚
468 2577 503 2608 in
528 2588 647 2609 cavum
675 2577 790 2617 linus,
814 2575 863 2608 si-

61 2634 136 2656 num
161 2621 373 2656 maritimum.
389 2590 512 2655 yatiter
539 2622 585 2655 Ε·
612 2625 775 2662 κοῖλος
800 2622 865 2654 αι’-

60 2665 226 2727 γιαλός
251 2666 378 2708 ἁπλῶς
408 2665 427 2703 6
450 2667 594 2713 βαθύς·
635 2664 681 2702 ου’
715 2666 793 2722 γεῖρ
818 2680 865 2701 αν

61 2711 109 2760 ἦν
132 2715 303 2758 αἰγιαλοῦ
334 2710 476 2756 ὀφρύς,
510 2714 560 2757 μή
593 2713 739 2760 βάθους
772 2709 865 2748 6⁷10-

61 2761 231 2804 κειμένου
256 2761 325 2794 τοῦ
349 2759 442 2794 κατὰ
466 2773 507 2794 το
532 2759 643 2804 ύδωρ.
675 2780 720 2786 —
752 2761 864 2794 idem·

61 2806 322 2842 πολυωπόν
354 2805 394 2840 δὲ
420 2806 619 2841 δίκτυον
652 2805 746 2840 κατά
778 2805 867 2846 τούς

60 2852 261 2893 παλαιούς
268 2850 327 2907 ’τὸ
352 2851 488 2890 πολλάς
514 2852 597 2909 ἕχον
627 2851 742 2895 ὀπὰς,
766 2851 869 2888 ἐκτα-

60 2899 193 2940 θέντος
216 2899 284 2934 τοῦ
317 2912 349 2932 ο.
373 2900 499 2955 βίαιον
531 2897 624 2943 γὰρ,
657 2899 770 2942 φασὶ,
799 2911 868 2933 πσ-

61 2947 210 2981 λυωπὸν
235 2948 350 2981 εἰπεῖν
380 2943 423 2980 τὸ
457 2944 767 2988 πολυόφθαλμον.
805 2944 868 2980 καὶ

62 2993 172 3028 τοῦτο
194 3005 260 3038 μεν
292 2989 432 3037 ὀρθόν
473 2992 508 3026 εἰ
542 2991 582 3027 δέ
613 3005 668 3032 τις
702 2992 868 3038 ενθυμη-

906 1648 1015 1690 θείη,
1048 1647 1109 1683 καὶ
1135 1646 1332 1703 τεχνητούς
1354 1644 1452 1681 εἶναι
1474 1639 1716 1687 όφθαλμονς,

908 1691 1039 1729 οποῖοι
1061 1695 1123 1729 καὶ
1157 1695 1192 1729 οὶ
1225 1691 1320 1728 κατά
1350 1693 1417 1732 τοὶς
1451 1691 1610 1735 τριήρεις
1644 1688 1718 1733 (λε’-

905 1754 1033 1785 γονται
1056 1741 1126 1786 γὰρ
1159 1739 1354 1784 ὀφθαλμοὶ
1387 1739 1590 1783 ῥητορικῶς
1621 1735 1659 1770 ἕν
1683 1734 1717 1769 έ-

906 1790 1043 1827 κείιαις
1068 1800 1107 1821 αι
1134 1785 1246 1828 όπαι,
1273 1785 1324 1821 ὦν
1353 1786 1391 1820 αἱ
1415 1788 1539 1820 κῶπαι
1559 1784 1717 1825 διείραν-

904 1834 1005 1877 ται),
1040 1833 1109 1868 οὐκ
1136 1830 1183 1868 ἂν
1215 1830 1483 1891 άπαγορεύσοι,
1516 1827 1717 1864 πολυωπόν

905 1881 1079 1935 εἰρῆσθαι
1103 1881 1277 1921 δίκτυον,
1310 1883 1354 1915 οὐ
1389 1878 1517 1912 πολλοὶ
1546 1877 1717 1931 τεχνικῶς

909 1927 944 1961 οὶ
979 1923 1186 1970 ὀφθαλμοί.
1226 1946 1266 1951 --
1311 1925 1409 1961 Sch:
1455 1926 1552 1960 πολ.
1579 1919 1718 1961 πολλας

906 1971 1047 2015 τρύπας
1080 1973 1199 2017 ἔχοντι
1243 1972 1310 2017 [τῷ
1341 1969 1504 2014 &uz-2340}
1560 1969 1718 2002 similiter

907 2019 1090 2064 σπόγγοι-ς
1131 2021 1384 2075 πολυτρήτους
1433 2018 1523 2050 dixit
1573 2015 1717 2048 inferius

907 2066 986 2101 439.
1035 2066 1076 2101 τὸ
1106 2064 1145 2100 δὲ
1168 2062 1303 2124 ἤλῃιος
1335 2065 1380 2108 ἐξ
1405 2061 1566 2106 θυμὸν
1597 2063 1717 2105 δηλοῖ,

908 2110 952 2146 ού
979 2111 1045 2147 τόν
1071 2110 1163 2156 α’έρα
1187 2113 1308 2146 αι’τιον
1333 2111 1458 2150 ἁπλως
1479 2107 1598 2149 οὕτως
1622 2107 1720 2143 εἶναι

907 2159 976 2193 τοῦ
1010 2157 1189 2201 θνήσκειν
1224 2158 1380 2203 ἰχθύας,
1423 2156 1513 2191 ἄλλα
1547 2155 1592 2189 τὸ
1623 2157 1717 2196 θερ-

906 2203 1000 2249 μόν·
1031 2204 1075 2240 ού
1101 2205 1282 2240 δύνανται
1303 2204 1373 2262 γάρ
1404 2202 1495 2250 ἡλίῳ
1519 2202 1715 2247 θέρεσθαι,

908 2250 964 2292 οἷς
991 2249 1009 2287 ὁ
1035 2253 1116 2298 βίος
1139 2252 1212 2287 αἰεὶ
1237 2251 1276 2287 ἐν
1298 2250 1410 2299 υγρῷ.

956 2345 1069 2379 392—
1073 2345 1152 2378 396.
1177 2341 1502 2399 καταθύμιον,
1526 2338 1621 2374 uncto?
1645 2340 1719 2373 θν-

909 2389 1003 2433 μὸν,
1038 2391 1074 2422 ἱη
1112 2392 1237 2424 animo.
1272 2391 1310 2423 ΙΙ.
1337 2392 1378 2430 κ’,
1403 2391 1482 2424 383.
1510 2407 1552 2412 --
1587 2387 1635 2419 Ε”
1660 2398 1719 2420 ort

909 2437 1112 2493 κινῆσαι
1147 2435 1308 2479 θύραν
1334 2437 1424 2481 φησὶ
1457 2433 1718 2469 2062116117517-

910 2495 981 2516 σαι.
1018 2481 1076 2516 ἐπὶ
1112 2483 1232 2528 κλήσει
1263 2483 1362 2521 τιιός
1387 2484 1460 2516 τῶν
1494 2481 1621 2518 ἔιδον,
1655 2477 1718 2513 καὶ

910 2528 1006 2563 ἐστιν
1030 2527 1153 2567 ἕτερον
1178 2531 1288 2565 τοῦτο
1313 2531 1383 2563 τοῦ
1405 2528 1523 2569 κόψαι
1548 2540 1578 2560 κ
1604 2524 1718 2568 κροῦ-

912 2586 986 2618 cat.
1025 2575 1182 2609 desidero
1208 2577 1299 2610 aliud
1325 2576 1514 2617 exemphnn
1539 2572 1613 2616 ejus
1637 2582 1719 2605 usus

910 2621 979 2655 τοῦ
1015 2625 1129 2655 κινεῖν
1161 2622 1215 2655 θύ
1220 2636 1298 2666 ρ.αν
1331 2641 1375 2646 -
1413 2620 1536 2661 ὄρσο
1569 2632 1615 2660 η,
1638 2619 1719 2653 342.

911 2665 1102 2723 -γρηῦ
1123 2636 1424 2724 παλαιγενές.
1452 2663 1654 2722 11.y',386.
1683 2665 1720 2696 Η.

912 2711 955 2757 ρ’,
978 2715 1082 2748 560.:
1118 2716 1262 2756 Φοῖνιξ,
1300 2712 1411 2754 ἅττα,
1444 2724 1566 2768 γεραιε
1588 2713 1721 2744 παλαι-

911 2759 1021 2804 γενές·
1035 2779 1077 2784 --
1105 2760 1292 2800 σκοπός.
1328 2761 1516 2816 improprie
1541 2757 1638 2791 dixit.
1668 2757 1721 2790 Ε.

915 2825 959 2830 -
983 2809 1089 2840 καλεῖ
1108 2820 1176 2851 την
1199 2810 1335 2861 μαῖαν,
1364 2819 1411 2851 ην
1434 2807 1495 2841 καὶ
1521 2802 1721 2848 δμωάων

916 2850 1096 2888 σκοπὸν
1120 2854 1157 2888 λε’
1144 2866 1231 2895 γει,
1265 2848 1290 2887 o'
1320 2851 1417 2887 ἐστιν
1448 2849 1721 2896 ἕπιμελήτριαν,

914 2896 1125 2956 ἐπίτροπον.
1149 2899 1170 2943 ἡ
1197 2898 1236 2933 δὲ
1259 2912 1358 2933 τοια.·
1360 2897 1415 2941 ’τη
1435 2912 1496 2934 και
1521 2897 1722 2940 ἐπίσκοπος

913 2942 1050 2989 λέγοιτ’
1082 2944 1128 2979 ἓν
1159 2942 1255 2979 κατὰ
1286 2959 1328 2978 το
1364 2945 1442 2988 (θ’,
1469 2947 1587 3002 163),
1621 2941 1720 2979 ἐπί-

914 3004 1092 3032 σκοπος
1119 2987 1226 3036 ἦσιν
1250 2990 1433 3036 (εἶσιν)
1459 2988 1659 3029 ὁδαίων.

1284 3050 1297 3065 (
