1821 3288
80 127 166 169 20⁰

708 122 1103 166 ΟΜΗΡΟΥ

248 233 323 278 καὶ
351 231 492 286 παῖδ’,
521 232 570 277 ἐν
599 232 846 305 μεγάροισι·
880 236 1028 284 κακῶς
1058 230 1101 276 6’
1134 232 1258 287 οιπερ
1288 249 1363 288 μιν
1392 232 1539 290 ἔρεζον

251 293 508 347 μνηστῆρες,
537 306 643 342 τους
672 291 838 340 πάντας
866 289 1034 334 ἐτίσατο
1065 285 1100 347 ᾠ
1130 290 1198 335 ἐνὶ
1227 292 1348 349 οἴκῳ.
1351 295 1377 315 “

303 391 434 426 diffidit
458 393 572 427 adhuc
594 392 684 427 illius
707 390 823 425 verbis
856 391 1052 438 Penelope,
1085 392 1222 428 caedem
1254 405 1431 440 procorum
1464 404 1486 429 a
1517 391 1581 429 deo
1614 391 1733 440 aliquo

218 443 411 486 patratam,
437 449 500 473 nec
525 439 686 483 Ulyssem
709 447 883 471 reversum
907 450 1007 481 esse,
1032 440 1217 485 suspicata.

334 505 426 561 Τὴν
461 504 503 549 δ’
538 500 640 549 αὖτε
666 504 892 576 προσέειπε
920 507 1147 572 περίφρων
1177 505 1470 562 Πηνελόπεια·

253 568 396 623 ,,μαῖα
426 564 557 630 φίλη,
559 562 733 632 μήπω
745 559 841 616 μέγ’
874 561 1049 617 ἐπεύχεο
1079 563 1374 632 καγχαλόωσα.

170 622 225 664 60
256 617 389 662 οἶσθα
417 617 514 673 γαρ,
545 617 603 668 ω’ς
632 616 675 660 κ’
709 616 926 669 ἀσπαστός
956 619 1022 662 ἐνὶ
1052 620 1277 674 μεγάροισι
1305 620 1464 690 φανείη

257 680 389 727 πᾶσι,
419 674 603 728 μάλιστα
635 673 677 717 δ’
709 674 804 729 ἐμοί
833 690 900 726 τε,
930 675 1003 718 καὶ
1032 675 1140 726 υἱέϊ,
1169 677 1246 718 τὸν
1277 675 1536 730 τεκόμεσθα·

257 731 353 774 ἀλλ’
387 730 468 774 ούκ
499 729 594 774 5⁷66
627 731 700 774 ὅδε
729 734 870 787 μῦθος
900 731 1127 787 ἐτήτυμος,
1160 749 1218 783 ως
1246 731 1494 800 ἀγορεύεις,

257 786 365 831 ἀλλά
394 804 458 837 τις
488 785 726 831 ἀθανάτων
751 793 890 831 κτεῖνε
919 793 1169 844 μνηστῆρας
1199 787 1416 843 α’γαυους,

259 844 393 900 ύβριν
424 843 723 899 ἀγασσάμενος
751 845 997 900 θυμαλγέα,
1029 847 1102 889 καὶ
1137 846 1249 888 κακὰ
1279 845 1396 901 ἔργα.

172 902 227 946 65
259 901 413 944 οὔτινα
439 901 523 969 γὰρ
552 903 722 944 τίεσκον
752 901 1012 956 ἐπιχθονίων
1042 901 1291 956 ανθρώπων

257 956 313 1001 ού
343 957 504 1007 κακὸν,
535 955 636 1000 οὐδὲ
666 958 744 1012 μὲν
771 958 948 1011 ἐσθλὸν,
987 957 1077 1009 ὅτις
1107 959 1243 1014 σφέας
1273 957 1569 1013 εισαφίκοιτο.

258 1017 321 1069 τῷ
352 1013 414 1057 δι’
445 1012 713 1065 ἀτασθαλίας
744 1015 911 1057 ἔπαθον
928 1016 1101 1059 κακόν·
1134 1015 1270 1070 αὐτὰρ
1300 1014 1537 1065 Ὀδυσσεύς

245 1070 391 1114 ὤλεσε
419 1074 554 1127 τηλοῦ
581 1069 741 1115 νόστον
766 1070 1002 1127 Ἀχαιΐδος,
1033 1071 1167 1115 ω’λετο
1200 1072 1245 1115 δ’
1279 1071 1454 1122 αύτός“

306 1183 433 1218 factum
458 1184 631 1229 Euryclea
654 1185 858 1219 convincens
889 1190 1007 1220 narrat
1041 1186 1084 1220 de
1118 1185 1280 1221 cicatrice
1311 1184 1472 1230 Ulyssis,
1505 1184 1549 1221 ab
1573 1194 1612 1220 se
1635 1183 1743 1221 anim-
1803 1218 1805 1223 A

225 1228 391 1272 adversa,
414 1242 478 1264 nec
501 1230 585 1264 mori
608 1230 794 1265 miserrime
818 1237 974 1273 recusat,
999 1232 1030 1265 si
1045 1232 1240 1267 mentiatur.

345 1297 435 1352 Την
465 1293 506 1340 6’
537 1294 730 1353 ἠμείβετ’
751 1297 895 1341 ἔπειτα
925 1299 1030 1355 φίλη
1059 1299 1226 1367 τροφὸς
1255 1296 1526 1353 Εὐρύκλεια·

180 1358 236 1400 70
266 1351 450 1405 ,,τέκνον
478 1352 610 1406 ἐμόν,
639 1353 770 1398 ποῖόν
801 1366 848 1398 σε
878 1355 981 1406 ἔπος
1011 1354 1165 1425 φύγεν
1182 1355 1308 1409 ἕρκος
1340 1354 1561 1410 ὀδόντων,

259 1409 290 1466 ἢ
318 1410 449 1458 πόσιν
478 1409 606 1452 ἔνδον
635 1410 764 1453 ἐόντα
791 1411 900 1464 παρ’
930 1412 1088 1469 ἐσχάρῃ
1119 1411 1275 1456 οὔποτ’
1306 1412 1483 1467 ἔφησθα
1541 1426 1544 1431 ’

270 1465 420 1536 οἴκαδ’
452 1464 730 1516 ἐλεύσεσθαι,
759 1468 902 1523 θυμὸς
932 1469 976 1511 δέ
1005 1485 1075 1511 τοι
1105 1469 1198 1511 αἰὲν
1228 1468 1436 1519 ἄπιστος]

263 1521 359 1566 ἀλλ’
389 1523 462 1578 ἄγε
490 1538 555 1565 τοι
586 1523 661 1565 καὶ
690 1527 807 1579 σῆμα
839 1524 1100 1593 περιφραδὲς
1130 1523 1233 1568 άλλο
1262 1541 1304 1568 τι
1333 1526 1465 1578 εἴπω,
1526 1547 1530 1550 <

267 1578 424 1648 οὐλὴν,
454 1578 535 1634 τήν
563 1580 669 1622 ποτέ
697 1596 771 1634 μιν
803 1585 881 1631 σῦς
910 1579 1039 1636 ἤλασε
1066 1585 1208 1636 λευκῷ
1237 1579 1404 1625 ὀδόντι.

178 1640 235 1684 75
264 1635 344 1690 τὴν
375 1633 646 1703 dnovqgovaa
676 1637 932 1692 φρασάμην,
960 1637 1115 1682 ἔθελον
1145 1626 1191 1680 65
1222 1649 1293 1681 σοι
1323 1637 1436 1695 αὐτῇ

264 1691 457 1761 εἰπέμεν·
489 1690 598 1733 ἀλλά
627 1707 679 1745 με
707 1697 851 1744 κεῖνος
881 1693 990 1736 ἔλων
1018 1694 1086 1737 ἐπὶ
1115 1694 1316 1748 μάστακα
1345 1694 1493 1750 χερσὶν

266 1746 352 1792 οὐκ
382 1748 430 1791 ἐά
461 1747 679 1818 εἰπέμεναι
707 1751 1019 1821 πολυκερδίῃσι
1047 1749 1185 1794 νόοιο.

269 1804 349 1848 ἀλλ
397 1803 520 1846 ἕπευ·
553 1803 693 1859 αὐτάρ
723 1804 835 1861 ἐγων
863 1806 1018 1861 ἐμέθεν
1046 1806 1347 1878 περιδωσομαι
1377 1804 1534 1862 αὐτῆς,

272 1863 321 1906 αἵ
346 1860 423 1905 κέν
454 1858 498 1904 σ’
529 1859 763 1919 ἐξαπάφω,
796 1865 960 1908 κτεῖναί
987 1862 1036 1920 μ’
1070 1865 1269 1921 οἰκτίστῳ
1300 1863 1542 1921 ὀλέθρῳ“

316 1974 452 2010 dubitat
475 1978 588 2010 tamen
612 1977 810 2023 Penelope,
833 1977 1000 2024 hospitem
1023 1989 1148 2014 revera
1172 1989 1249 2014 esse
1280 1977 1465 2022 Ulyssem3
1499 1977 1650 2013 ceterum
1672 1985 1753 2023 pro-

238 2032 297 2056 cos
320 2022 453 2056 occisos
477 2022 586 2056 visum
609 2023 787 2058 descendit
807 2036 826 2058 e
849 2036 1036 2070 gynaeceo.

187 2093 244 2138 80

151 2226 254 2261 59—
262 2224 319 2261 64.
365 2223 687 2270 καγχαλόωσα.
723 2227 755 2263 1.
790 2245 836 2255 -
868 2223 912 2261 οἷ-

108 2269 340 2314 σπαστὸς,
366 2277 563 2327 exoptatus,
594 2278 727 2317 gratus.
768 2271 807 2315 ε’,
830 2273 912 2315 398,

106 2317 153 2362 ν’,
179 2319 224 2353 35
250 2321 316 2351 etc.
346 2337 392 2343 —-
435 2315 788 2372 άγασσάμενος,
819 2319 912 2352 indi-

105 2368 250 2420 gnatus.
276 2361 323 2404 α’,
345 2365 425 2405 389,
449 2362 494 2409 β,
519 2366 563 2401 67
588 2370 708 2399 etc.——
731 2367 912 2408 θυμαλ-

107 2409 208 2455 γέα,
253 2387 424 2443 acerbam.
465 2408 518 2451 θ’,
563 2412 632 2445 272
677 2415 744 2448 etc.
791 2411 912 2447 Voss*

105 2457 164 2491 die
189 2455 502 2490 εεεῑεηΙενᾶηΙεεηάο
526 2456 668 2491 bosheit.

151 2503 208 2537 70.
255 2499 297 2541 τ’,
321 2503 400 2536 492-

153 2547 323 2582 73-83.
371 2546 688 2590 περιφραδές.
727 2549 779 2584 ita
803 2549 912 2583 Sebe-

106 2604 169 2628 rus
187 2592 408 2627 indiceHom.
429 2593 550 2636 vulgo:
576 2591 801 2637 οἷριφραδές,
825 2607 914 2639 quae

107 2639 216 2673 verba
255 2639 357 2672 etiam
396 2639 488 2682 apud
530 2639 732 2683 Sophoclem
772 2642 916 2676 confusa

110 2690 214 2725 sunt,
246 2684 361 2728 Antig.
403 2685 483 2720 3Ξ7.
531 2684 622 2719 inest
659 2693 770 2721 autem
815 2686 914 2731 paulo

110 2729 282 2764 molestior
307 2731 419 2764 hiatus
443 2729 478 2762 in
501 2730 615 2765 verbis
639 2735 735 2777 σῆμα
756 2732 917 2776 ἀριφρα-

112 2774 185 2815 δές
242 2776 391 2820 scriptor
434 2776 548 2819 hymni
587 2777 623 2810 in
670 2779 778 2813 Merc.
813 2780 916 2814 464.=

107 2818 277 2864 Εκάεργε
298 2821 531 2865 περιφραδές.
565 2821 639 2865 ipse
651 2825 750 2859 Hom.
776 2822 818 2867 ξ’,
837 2826 916 2859 431.

90 2909 92 2911 ‚
114 2872 151 2900 et
169 2867 254 2900 alias
278 2868 365 2900 dixit
389 2868 655 2911 περιφραδέως.
679 2889 724 2895 ——
758 2869 916 2906 ἀπονί-

118 2915 279 2956 ζουσα,
304 2910 577 2948 ἅπονίπτουσα.
624 2914 668 2959 τ’,
703 2917 783 2959 317,
807 2917 848 2951 11.
871 2915 918 2961 η’,

114 2959 183 2994 425
208 2963 274 2994 etc.
306 2977 354 2985 —
384 2959 635 3007 μάστακα,
674 2973 722 2997 08.
770 2976 805 2999 v.
839 2973 917 2998 anu.

360 2088 453 2145 Την
478 2089 526 2134 δ’
552 2089 741 2147 ἠμείβετ’
771 2091 916 2137 ἔπειτα
944 2093 1176 2149 περίφρων
1204 2088 1499 2149 Πηνελόπεια·

956 2227 1000 2263 ad
1023 2227 1064 2262 11.
1092 2225 1129 2271 ι’,
1160 2227 1239 2263 324.
1282 2230 1432 2262 ceterum
1464 2226 1510 2261 cf.
1534 2223 1579 2268 τ’,
1607 2224 1689 2263 480
1713 2243 1760 2251 —-

956 2275 1264 2321 πολυκερδίῃ
1275 2285 1328 2310 σι.
1375 2273 1426 2308 sic
1453 2275 1490 2307 A.
1508 2274 1543 2307 2.
1566 2273 1656 2307 eta.
1682 2271 1761 2306 alii-

958 2331 1026 2364 que
1049 2320 1140 2365 apud
1166 2320 1218 2353 Cl.
1233 2346 1244 2361 ,
1268 2324 1306 2354 ut
1328 2317 1380 2361 ω’,
1405 2320 1484 2359 167,
1507 2318 1574 2352 nisi
1598 2317 1691 2362 quod
1709 2316 1761 2351 ibi

958 2370 1012 2400 est
1053 2367 1372 2410 πολυκερδείῃσιν,
1414 2375 1514 2419 quam
1557 2364 1763 2417 scripturam

958 2411 1221 2446 examinavimus
1258 2423 1336 2445 ann.
1365 2410 1408 2444 ad
1443 2408 1486 2453 κ’,
1520 2410 1600 2446 231.
1655 2408 1763 2444 ceteri

958 2457 1076 2492 codd.·
1117 2458 1367 2502 πολυϊδρειῃσι
1408 2468 1471 2519 pro
1514 2455 1764 2509 πολυϊδρίησι,

959 2505 1049 2557 qnod
1074 2509 1169 2538 recte
1197 2503 1321 2548 legitur
1349 2500 1380 2549 β’
1383 2527 1393 2544 ,
1424 2501 1527 2544 346.,
1560 2500 1618 2535 hic
1647 2505 1762 2536 autem

959 2550 1069 2583 minus
1089 2557 1265 2594 acceptum
1290 2553 1343 2582 est
1366 2560 1438 2582 cum
1464 2550 1649 2593 propterea
1667 2546 1763 2592 quod
1802 2548 1804 2572 '·

958 2595 1276 2640 interpretationem
1298 2594 1412 2638 sapit,
1434 2599 1506 2628 tum
1533 2594 1614 2639 quia
1635 2591 1764 2627 πολνΐ-
1802 2595 1805 2598 ’

961 2643 1043 2684 δριν
1067 2642 1210 2674 habetur
1233 2641 1268 2674 in
1293 2640 1464 2685 proximis.
1488 2658 1532 2663 —
1557 2640 1630 2673 Αιιι.
1657 2639 1704 2680 Q.
1726 2640 1763 2672 et

962 2687 1065 2720 Sch.:
1105 2685 1278 2744 ἐμέθεν
1319 2683 1652 2739 περιδώσομαι
1686 2681 1764 2718 αὖ·

961 2734 1051 2789 τῇς.
1098 2733 1182 2777 περὶ
1207 2730 1366 2788 ἐμαυτῆς
1397 2730 1642 2775 συνθήσομαι.
1689 2729 1764 2773 ,,ΙΙ.
1804 2776 1806 2778 Ι

962 2779 1017 2821 ψ’,
1041 2777 1144 2813 485.·
1176 2778 1286 2821 δεῦρό
1321 2791 1391 2813 νυν
1415 2776 1438 2823 ἢ
1462 2778 1639 2820 τρίποδος
1660 2786 1764 2820 περι·-
1802 2804 1804 2812 s

964 2823 1138 2867 δώμεθα,
1179 2824 1222 2869 ἠὲ
1251 2824 1409 2870 λέβητος.
1463 2823 1638 2868 Aristoph.
1671 2821 1762 2876 Equ-

963 2873 1064 2907 740.-
1096 2870 1210 2908 ἐθέλω
1233 2872 1314 2916 περὶ
1340 2872 1404 2915 σῆς
1426 2871 1586 2913 κεφαλῆς
1610 2865 1766 2910 περιδό-

964 2919 1069 2952 σθαι.
1073 2921 1095 2937 “
1131 2919 1181 2952 Cl.
1215 2938 1260 2944 —-
1304 2914 1551 2961 ἐξαπάφω,
1584 2914 1768 2970 decipiam

963 2963 1004 2998 Il.
1029 2961 1065 3006 ι’,
1090 2965 1181 3007 376,
1204 2961 1248 3010 ξ’,
1275 2964 1356 3001 160.
1387 2981 1430 2988 -
1464 2961 1692 3007 οἰκτίστῳ
1724 2955 1768 2997 ὃ·-
1801 2954 1804 2969 ¹
