1821 3288
382 716 1194 775 ΟΔῩΣΣΕΙΑΣ
1270 714 1349 776 Φ.

533 985 839 1024 ΤΟΞΟΤ

902 985 1199 1019 ΘΕΣΙΣ.

241 1233 374 1268 Promit
396 1235 570 1281 Penelope
593 1235 732 1280 Ulyesis
756 1246 894 1277 arcum,
929 1246 997 1280 quo
1021 1234 1065 1270 ab
1088 1232 1203 1280 Iphito
1226 1231 1377 1267 donatus
1401 1235 1490 1266 erat.

209 1304 306 1395 Ἐγ
336 1338 380 1384 δ’
413 1338 490 1394 ἄρ’
518 1339 585 1384 ἔπι
616 1341 749 1398 φρεσὶ
779 1344 890 1396 θῆκε
919 1338 1004 1382 θεοὶ
1032 1340 1286 1395 γλαυκῶπις
1313 1334 1478 1394 Ἀθήνη

204 1399 350 1465 κούρῃ
380 1396 607 1451 Ἰκαρίοιο,
645 1399 885 1452 περίφρονι
913 1397 1209 1464 Πηνελοπείη,

202 1452 337 1506 τόξον.
361 1455 651 1510 μνηστήρεσσι
678 1455 835 1525 θέμεν,
863 1452 1023 1497 πολιόν
1050 1468 1096 1495 τε
1127 1454 1364 1521 σίδηρον,

204 1509 254 1554 ἐν
281 1511 489 1566 μεγάροις
514 1511 755 1566 Ὀδυσῆος,
788 1510 943 1554 ἀέθλια
972 1510 1046 1553 καὶ
1076 1509 1224 1578 φόνου
1254 1504 1405 1563 ἀρχήν.

148 1568 175 1611 5
204 1569 396 1623 κλίμακα
446 1567 489 1611 δ’
527 1567 703 1640 ὑψηλήν
731 1567 1033 1624 προσεβήσατο
1064 1569 1134 1609 οῑο
1165 1564 1348 1621 δόμοιο,

204 1626 340 1668 είλετο
371 1624 417 1669 δὲ
446 1619 594 1680 κληῖδ’
624 1625 863 1696 εὐκαμπέα
875 1625 986 1695 χειρὶ
1014 1625 1178 1694 παχείῃ

203 1681 372 1739 καλὴν,
397 1684 626 1739 χρυσείην,
656 1681 784 1740 κώπη
815 1680 863 1726 δ’

81 1817 340 1852 Annotationes.
388 1817 489 1853 Vere.
510 1818 542 1853 1.
565 1821 602 1853 et
624 1819 660 1856 2.
696 1816 740 1862 α’,
762 1819 842 1863 157,

34 1864 94 1900 68.
140 1864 186 1897 cf.
210 1862 248 1906 ε’,
271 1865 352 1899 427.

81 1911 158 1945 3—
170 1912 204 1945 9
238 1890 424 1966 ἶθέμεν,
456 1921 604 1953 ponere,
638 1922 842 1967 proponere

36 1955 88 1989 Ε.
121 1954 160 1991 ἐκ
185 1958 255 1992 τοῦ
282 1956 433 2001 τόξον
454 1955 605 2000 θέμεν
633 1957 755 2000 Τόξου
780 1956 844 1992 θέ-

36 2013 92 2043 σις
116 2000 139 2047 ἢ
170 2005 342 2046 παροῦσα
377 2002 555 2047 ῥαψῳδία
589 2002 844 2059 ἐπιγράφεται.

32 2070 79 2076 -—
103 2049 278 2086 πολιόν
301 2063 346 2086 τε
379 2050 588 2094 σίδηρον.
624 2051 664 2084 Il.
691 2048 728 2093 ι’,
762 2050 844 2091 366,

32 2093 87 2139 ψ’,
110 2095 192 2133 261.
253 2107 390 2131 secures
422 2096 557 2130 ferreas
589 2096 684 2130 dicit.
718 2116 765 2121 —
800 2110 844 2131 α-

34 2143 198 2187 έθλια,
222 2141 397 2183 ἀέθλους.
445 2143 490 2178 cf.
514 2142 568 2185 θ’,
595 2142 673 2184 108,
697 2142 845 2177 inferius

35 2189 92 2224 91-
126 2208 170 2214 ·—·
216 2190 329 2225 Palat.
354 2195 390 2224 et
424 2189 528 2223 Sch..
562 2190 772 2232 κλίμακα
805 2185 843 2223 δ’

35 2231 112 2293 ὗψ.
136 2234 205 2292 τήν
228 2234 268 2272 ἐκ
294 2237 361 2280 τῆς
382 2237 684 2281 γυναικωνίτιδος
700 2237 753 2277 εἰς
776 2234 845 2280 τὴν

36 2279 242 2327 ἀποθήκην
292 2283 502 2327 (horreum,
550 2282 690 2326 cellam,
738 2294 845 2326 germ.

36 2329 230 2374 Spcicher)‚
269 2328 332 2364 ἵνα
357 2328 426 2374 τήν
449 2331 547 2364 κλεῖν
571 2327 678 2375 λαβῃ.
725 2329 770 2363 cf.
796 2327 844 2372 α’,

37 2376 119 2411 330.
140 2396 187 2402 -
219 2371 491 2420 εὐκαμπέα,
509 2376 701 2417 ὶιῑίυποαηι,
726 2387 846 2433 quem-

39 2421 220 2458 admodum
253 2423 440 2467 δρέπανον
472 2420 656 2465 εὐκαμπὲς
689 2421 775 2455 dixit
800 2420 845 2464 6',

37 2468 119 2504 367.
153 2479 187 2503 V.
213 2481 292 2507 aun.
325 2470 370 2505 ad
400 2469 440 2503 Il.
465 2467 515 2513 μ’,
549 2469 643 2511 456,
675 2468 778 2502 Schn.
810 2481 845 2503 v.

38 2513 157 2556 κλεὶς,
182 2516 216 2556 §-
238 2518 272 2551 2.
298 2536 344 2542 —
367 2516 490 2561 χειρὶ
513 2515 713 2560 παχείῃ,
738 2527 846 2549 manu

39 2572 177 2601 crassa,
200 2561 233 2595 h.
253 2575 285 2598 e.
305 2573 468 2602 carnosa,
493 2562 585 2607 quod
611 2567 665 2595 est
684 2561 722 2594 in
746 2567 846 2606 parte

37 2606 292 2653 pulcritudinis.
348 2609 529 2643 Minervae
584 2619 721 2653 quoque
769 2608 846 2652 χειρ

35 2656 172 2697 παχεῖα
194 2654 322 2688 dicitur
342 2654 576 2698 11.,.403
611 2659 648 2688 et
676 2654 757 2689 424.
803 2655 850 2689 cf.

41 2711 120 2734 ann.
143 2700 188 2735 ad
221 2699 262 2736 ll.
285 2698 331 2742 κ’,
365 2700 446 2737 454.
479 2713 542 2735 nec
576 2704 688 2734 tamen
719 2704 850 2735 temere

41 2752 117 2787 est,
152 2746 243 2803 quod
267 2747 393 2782 aitE.
430 2745 474 2782 τὸ
508 2747 648 2803 χειρὶ
665 2759 765 2791 παχ.
802 2762 848 2782 α-

40 2795 139 2834 πλαῑς
161 2791 259 2829 οὕτω
291 2795 412 2828 κεῖται
440 2791 677 2851 παραῤῥιφεν
709 2792 770 2829 ἐπὶ
801 2795 850 2840 τῇ

41 2837 259 2886 Πηνελόπῃ·
293 2838 403 2883 ανδρὶ
427 2853 497 2884 γαρ
520 2842 659 2885 μᾶλλον
690 2843 848 2895 γενναίῳ

40 2877 271 2931 ἕπιπρέπει“
251 2901 274 2931 η
299 2890 475 2932 παχεῖα
501 2888 602 2932 χεὶρ
631 2888 722 2932 (ν.ζ
733 2889 848 2929 ,,128

43 2931 83 2969 ῐΙ.
105 2935 148 2980 γ’,
172 2936 240 2971 376
273 2934 384 2979 etc.)‚
418 2933 564 2980 γυναικὶ
589 2931 630 2970 δὲ
654 2933 696 2969 τὸ
719 2937 847 2970 λευκ-

894 1681 1131 1737 ἐλέφαντος
1160 1678 1297 1735 ἐπῆεν
1301 1710 1315 1732 ,

889 1815 1065 1854 ω’λενον
1105 1813 1163 1859 (ζ’,
1206 1815 1297 1854 101,
1341 1811 1384 1846 ΙΙ.
1417 1810 1467 1854 α’,
1508 1811 1554 1848 55
1599 1810 1699 1854 εἰοη)

888 1864 951 1899 καὶ
987 1862 1234 1922 ροδόπῃχυ
1267 1859 1408 1905 (hymn.
1440 1859 1476 1893 in
1508 1858 1622 1892 Solem
1646 1859 1699 1892 6..

887 1909 962 1945 ’Hm
997 1923 1036 1945 τε
1069 1908 1307 1954 ῥοδόπηχυν,
1347 1917 1447 1950 quam
1490 1904 1552 1939 hie
1585 1910 1701 1938 noster

891 1955 1166 2010 ῥοδοδάκτυλον
1189 1953 1369 2007 appellare
1381 1950 1498 1994 solet),
1521 1950 1584 1984 καὶ
1609 1950 1701 1985 εἴτι

890 2004 1075 2039 τοιοῦτον.
1107 1998 1166 2038 διὸ
1189 2001 1252 2035 καὶ
1276 2011 1371 2033 κατα
1399 1996 1639 2041 ἅκυρολεξίαν
1665 1996 1701 2032 οἱ

890 2050 1044 2085 παλαιοὶ
1059 2047 1226 2083 ἐνταῦθα
1244 2048 1394 2081 κεῖσθαι
1410 2044 1478 2089 τήν
1488 2044 1585 2086 λέξιν
1595 2045 1700 2099 φασί.

890 2097 950 2130 sed
968 2096 1087 2141 inepta
1106 2099 1196 2134 sunt,
1211 2104 1300 2151 quae
1320 2091 1414 2125 hisce
1432 2091 1587 2125 addidit.
1615 2091 1649 2124 εἰ
1661 2087 1701 2124 δὲ

891 2144 912 2178 δ
924 2156 947 2176 α
958 2143 1006 2187 ΐφ
1020 2156 1077 2185 ρω
1088 2156 1109 2177 ν
1123 2142 1207 2186 (ἰιιιο
1220 2138 1385 2196 ἐχέφρων
1400 2143 1435 2171 et
1447 2139 1638 2181 περίφρων
1654 2135 1699 2178 α’,

890 2191 970 2232 329,
997 2187 1041 2230 δ’,
1067 2191 1132 2224 111
1159 2187 1246 2230 ete.)
1278 2183 1300 2230 ἡ
1318 2188 1424 2240 Πην.
1449 2183 1588 2240 ε’ῤῥέθη
1613 2196 1700 2222 που,

891 2249 942 2276 ως
961 2216 1127 2279 ανδρεία
1157 2231 1271 2290 γυνή,
1304 2228 1478 2276 ἁρμόττει
1513 2227 1563 2264 α“ν
1603 2229 1699 2274 αὖτῃ

891 2283 1070 2318 διατοῦτο
1105 2280 1168 2316 καὶ
1199 2277 1223 2324 ἡ
1258 2291 1362 2322 παχ.
1395 2290 1517 2334 χειρ,
1561 2276 1626 2311 δια
1658 2275 1700 2311 τὸ

890 2332 970 2369 τοῖς
993 2327 1181 2384 ἀνδρείοις
1205 2326 1361 2361 τοιαῦτα
1397 2322 1446 2363 ὡς
1474 2322 1630 2359 ε’πιπολυ
1656 2336 1703 2358 τα

891 2373 1109 2419 ἀκρωτήρια
1139 2378 1249 2410 εἰναι.
1283 2392 1326 2397 -
1369 2371 1609 2415 χρυσείην.
1651 2369 1701 2404 sic

891 2424 933 2457 A.
957 2424 992 2457 2.
1018 2427 1054 2455 et
1077 2424 1133 2462 3.,
1173 2430 1273 2464 quam
1307 2417 1514 2462 scripturam
1539 2416 1702 2470 vulgatae

890 2468 1060 2513 χαλκείην
1084 2466 1206 2501 merito
1230 2465 1263 2498 E
1282 2465 1453 2518 praefert·
1479 2474 1602 2508 χρυσῳ
1630 2475 1701 2505 γαρ

892 2517 1048 2557 οἰκεῖον,
1071 2513 1203 2557 iuquit,
1229 2509 1272 2546 τὸ
1294 2508 1417 2545 καλόν.
1455 2514 1641 2554 propterea
1666 2514 1703 2542 et

891 2573 1008 2596 aurum
1038 2564 1287 2604 argentumque
1320 2556 1482 2599 conjungi
1515 2555 1604 2588 solet
1627 2566 1701 2587 cum

891 2608 1015 2652 ebore,
1053 2618 1120 2641 non
1155 2605 1236 2638 item
1275 2614 1334 2636 aes
1367 2602 1422 2636 vel
1459 2602 1599 2635 ferrum.
1647 2598 1700 2643 ψ’,

895 2655 995 2688 199..
1029 2672 1074 2679 -
1106 2651 1208 2695 λέχος
1235 2648 1371 2707 ε’ξερν,
1394 2667 1440 2673 -
1484 2644 1702 2682 Δαιδαλλων

893 2701 1016 2757 χρυσῷ
1038 2712 1099 2744 τε,
1134 2698 1198 2733 καὶ
1220 2694 1390 2740 οἷργύρῳ,
1428 2691 1494 2749 ἡδ’
1519 2693 1702 2738 ἐλέφαντι.

893 2746 947 2790 θ’,
971 2737 1074 2783 403.·
1107 2745 1214 2780 δώσω
1250 2743 1286 2779 οὶ
1318 2739 1403 2777 τόδ’
1440 2738 1511 2783 ἄορ
1539 2739 1710 2797 nanda<

893 2805 1000 2836 κεον,
1024 2790 1053 2840 ᾦ
1079 2792 1139 2827 ἔπι
1162 2789 1269 2833 κώπη
1293 2785 1480 2843 Ἀργυρέη,
1506 2785 1637 2823 κολεὸν
1660 2785 1701 2821 δε

892 2841 1112 2886 νεοπρίστου
1137 2837 1343 2893 ἐλέφαντος;
1390 2833 1432 2876 τ’,
1456 2834 1532 2869 55.=
1557 2853 1603 2860 --
1625 2835 1700 2868 κλι-

894 2887 998 2932 σίην,
1024 2907 1069 2912 -
1094 2883 1264 2927 Δινωτήν
1288 2879 1459 2925 ελέφαντι
1491 2893 1553 2915 και
1587 2876 1698 2922 ἀργύ-

894 2946 947 2982 etp
971 2939 1039 2970 etc.
1086 2932 1365 2978 ἐλέφαντος.
1400 2927 1507 2972 genit.
1523 2927 1697 2961 materiae,
