1821 3288
120 120 208 163 254
462 117 1489 165 BATPAXOMYOMAXIA.

293 228 437 272 ταῦτα
457 227 541 283 γὰρ
570 225 738 284 υμέτερ’
766 227 885 272 ἐστὶν
913 229 1123 284 ἐδέσματα
1151 233 1242 274 τῶν
1268 231 1381 276 κατὰ
1383 232 1569 302 λίμνην.

214 287 270 331 45
302 282 408 328 οὐδέ
438 300 542 328 ποτε
569 286 802 341 πτολέμοιο
830 286 971 341 κακὴν
1000 286 1254 356 ἀπέφευγον
1281 288 1433 344 ἀυτήν,

294 340 388 385 ἀλλ’
421 340 522 393 ἰθὺς
551 342 655 397 μετὰ
686 345 836 397 μωλον
868 342 950 385 ἰω“ν
979 342 1273 413 προμάχοισιν
1300 345 1497 402 ἐμίχθην.

294 397 352 442 οὐ
383 398 487 442 δέδι’
517 396 785 453 ἄνθρωπον,
814 399 970 452 καίπερ
1001 399 1109 455 μέγα
1139 404 1264 455 σῶμα
1292 406 1538 471 φοροῦντα,

294 453 386 498 ἀλλ’
417 455 487 499 ἐπὶ
512 455 694 508 λέκτρον
724 453 804 497 ἰών
833 457 1094 499 καταδάκνω
1126 457 1342 500 δάκτυλον
1373 457 1524 512 ἄκρον,

235 513 260 542 *
281 512 356 557 καὶ
377 513 573 581 πτέρνης
602 510 823 581 λαβόμην,
851 512 926 555 καὶ
958 511 1010 555 οὐ
1037 511 1174 565 πόνος
1203 514 1386 567 ἄνδρα
1375 516 1534 585 ι’κανεν,

204 572 260 615 50
281 568 312 596 *
333 566 530 639 νήδυμος
562 565 645 611 οὐκ
674 567 921 624 α’πέφευγεν
953 569 1094 620 ὕπνος
1126 569 1367 620 δάκνοντος
1396 570 1528 626 ἐμεῖο.

291 626 404 670 ἄλλα
436 625 528 669 δύω
562 623 740 667 πάντων
768 628 1008 679 περιδείδια
1041 630 1191 670 πᾶσαν
1221 625 1282 670 ἐπ’
1315 631 1432 680 αἰαν,

293 684 476 753 κίρκον,
507 681 580 724 καὶ
609 682 797 737 γαλέην,
830 684 878 725 οἵ
902 700 979 737 μοι
1008 684 1116 738 μέγα
1145 683 1309 734 πένθος
1339 682 1510 753 ἄγουσι,

291 739 368 783 καὶ
396 739 560 793 παγίδα
589 738 880 792 στονόεσσαν,
910 740 1039 784 ὅπου
1054 740 1225 791 δολόεις
1254 743 1355 783 πέλε
1383 739 1570 797 πότμος·

283 800 491 840 πλεῖστον
523 793 576 850 δή
605 795 764 862 γαλέην
792 798 1052 851 περιδείδια,
1082 796 1179 852 ἥτις
1209 795 1377 868 ἀρίστη,
1559 815 1564 818 ·

204 856 262 900 55
296 852 328 910 ἢ
358 852 434 895 καὶ
461 852 803 921 τρωγλοδύοντα
837 854 947 897 κατά
977 854 1178 909 τρώγλην
1207 852 1424 905 ἐρεείνει.“

375 907 500 963 Πρὸς
529 908 632 952 τάδε
661 910 866 979 μειδήσας
899 912 1186 966 Φυσίγναθος
1216 907 1369 953 ἀντίον
1397 907 1538 966 ηὔδα·

290 966 456 1019 ,,ξεῖνε,
486 966 585 1020 λίην
618 964 765 1021 αὐχεῖς
794 967 863 1010 ἐπὶ
892 968 1094 1022 γαστέρι·
1128 968 1216 1010 ἐστι
1245 967 1319 1009 καὶ
1348 965 1462 1037 ημῖν

287 1024 435 1066 πολλὰ
462 1022 560 1078 μάλ’
591 1022 638 1065 ἐν
659 1025 799 1094 λίμνῃ
828 1024 901 1066 καὶ
930 1024 998 1067 ἐπὶ
1026 1024 1156 1094 χθονὶ
1181 1023 1369 1078 θαύματ’
1401 1023 1589 1068 ἰδέσθαι.

287 1082 509 1136 ἀμφίβιον
538 1078 623 1134 γὰρ
655 1079 789 1122 ἔδωκε
818 1097 963 1136 νομην
991 1080 1248 1149 βατρᾴχοισι
1278 1081 1499 1151 Κρονίων,

202 1142 259 1184 60
290 1137 524 1192 στοιχείοις
554 1137 715 1186 διττοῖς
742 1137 1045 1207 μεμερισμένα
1060 1137 1240 1191 δώματα
1268 1138 1424 1189 ναίειν,
1461 1181 1468 1187 ,

286 1197 520 1264 σκιρτῆσαι
550 1208 661 1234 κατα
689 1197 796 1247 γῆν,
826 1193 901 1235 καὶ
929 1191 993 1245 ἐφ’
1025 1191 1159 1236 ὕδασι
1190 1197 1315 1248 σῶμα
1359 1190 1565 1245 καλύψαι.

286 1254 329 1294 εἰ
357 1248 395 1292 δ’
427 1249 590 1299 ἐθέλεις
617 1249 692 1290 καὶ
717 1251 855 1291 ταῦτα
885 1248 1121 1319 δαήμεναι,
1155 1249 1326 1319 εὐχερές
1355 1249 1483 1292 ἐστιν.

286 1306 416 1378 βαῖνέ
447 1322 523 1361 μοι
552 1305 598 1348 ἐν
627 1305 827 1357 νώτοισι,
861 1303 1013 1358 κράτει
1044 1305 1091 1349 δέ
1121 1322 1199 1361 με,
1231 1303 1383 1362 μήποτ’
1416 1305 1566 1362 ὄληαι,

288 1364 447 1414 ὅππως
456 1361 729 1433 γηθόσυνος
757 1361 837 1405 τόν
863 1361 970 1415 ἐμὸν
1000 1362 1140 1416 δόμον
1171 1364 1437 1434 εἰσαφίκηαι.
1442 1367 1468 1386 “

333 1419 418 1471 Ὼς
448 1418 515 1473 ἄρ’
548 1419 655 1474 ἔφη,
688 1419 762 1462 καὶ
790 1418 889 1462 νῶτ’
919 1418 1096 1462 ἐδίδου
1129 1417 1153 1463 6
1184 1418 1221 1463 δ’
1249 1419 1393 1474 ἔβαινε
1421 1416 1618 1473 τάχιστα,

283 1481 438 1535 χεῖρας
468 1476 576 1531 εχων
604 1479 845 1547 qu>590170
875 1473 966 1518 κατ’
999 1475 1205 1531 αὐχένος,
1237 1475 1396 1531 ἅλματι
1425 1475 1600 1545 κούφῳ.

376 1533 462 1576 Καὶ
489 1535 668 1585 πρῶτον
696 1547 775 1586 μεν
810 1532 1005 1587 ἔχαιρεν,
1034 1532 1095 1576 ὅτ’
1123 1533 1272 1587 ἐβλεπε
1299 1534 1500 1602 γείτονας
1529 1532 1709 1588 ὅρμους,

232 796 255 818 *

197 1423 254 1469 65

283 1588 408 1646 νή.ξει
438 1587 705 1643 τερπόμενος
741 1588 1056 1642 Φυσιγνάθου·
1089 1587 1174 1631 ἀλλ’
1207 1588 1278 1632 ὅτε
1309 1589 1362 1644 δή
1396 1588 1454 1643 ῥα

284 1647 457 1702 κύμασι
486 1646 761 1698 πορφυρέοις
791 1644 1065 1696 ἐπεκλύζετο,
1095 1645 1234 1687 πολλα
1266 1646 1476 1716 δακρύων

196 1710 254 1752 70
285 1703 511 1775 ἄχρηστον
541 1700 778 1757 μετάνοιαν
808 1700 1044 1756 ἐμέμφετο,
1076 1702 1193 1744 τίλλε
1224 1701 1271 1744 δὲ
1300 1703 1462 1760 χαίτας,

284 1761 361 1805 καὶ
394 1759 536 1808 πόδας
565 1758 770 1828 ἔσφιγγεν
798 1758 908 1800 κατα
938 1757 1169 1811 γαστέρος,
1200 1758 1247 1800 ἐν
1278 1760 1324 1800 δέ
1356 1758 1399 1799 οἱ
1427 1772 1536 1813 ητορ

285 1815 461 1861 adme?
491 1815 672 1871 ἀηθείῃ,
701 1813 776 1857 καὶ
805 1814 873 1857 ἐπὶ
899 1815 1041 1869 χθόνα
1071 1812 1248 1868 βούλεθ’
1278 1814 1464 1866 ἱκέσθαι,

285 1873 412 1918 δεινοὶ
441 1871 478 1916 δ’
508 1871 800 1940 ἐπεστενάχιζε
829 1870 978 1926 φόβου
1008 1870 1242 1925 κρυόεντος
1256 1870 1459 1940 ἀνάγκῃ.

285 1930 428 1982 ’ὕδρος
459 1927 494 1972 δ’
526 1930 728 1999 ἐξαπίνης
758 1926 1042 1997 ανεφαίνετο,
1075 1928 1223 1971 δεινόν
1253 1927 1396 1995 ὅραμα

198 1991 255 2037 75
286 1987 580 2055 αμφοτέροις,
612 1983 756 2040 ὀρθόν
787 1984 824 2028 δ’
853 1982 965 2038 νπὲρ
996 1983 1158 2035 ὕδατος
1178 1982 1269 2054 εἶχε
1298 1983 1529 2039 τραχηλον.

285 2060 449 2088 τουτον
478 2043 586 2086 ἰδων
613 2043 774 2085 κατέδυ
807 2044 1111 2110 Φυσίγναθος,
1143 2039 1241 2085 ου’τι
1270 2054 1449 2094 νοησας,

287 2098 385 2147 οἷον
414 2099 595 2154 ἑταῖρον
630 2099 806 2154 ἔμελλεν
836 2096 1138 2154 απολλύμεναι
1169 2097 1282 2142 κατὰ
1310 2099 1484 2153 λίμνην,

116 2236 193 2287 aliis
216 2248 371 2291 omissis,
400 2246 478 2281 aliis
501 2244 742 2291 transpositis,
780 2248 818 2280 ut
840 2244 930 2279 solet

115 2299 211 2341 fieri,
235 2308 309 2332 cum
334 2298 555 2340 properatur.

161 2357 218 2393 45.
249 2354 314 2388 alia
341 2350 576 2388 dissimilitudo
603 2348 742 2382 murium
770 2351 805 2382 et
827 2360 929 2382 rana-

115 2415 192 2439 rum
216 2399 442 2451 ignafiorum,
467 2403 504 2430 ut
527 2407 615 2440 quae
635 2395 758 2439 quovis
780 2395 928 2440 strepitu

116 2448 331 2497 perterritae
353 2443 486 2478 resilire
507 2444 640 2475 soleant
666 2441 701 2473 in
726 2452 844 2486 aquas.

162 2516 222 2556 49,
245 2516 302 2550 50.
343 2511 452 2557 quid?
486 2511 585 2544 homo
610 2521 677 2542 non
701 2508 851 2549 dolebit,
878 2507 931 2541 di-

116 2563 224 2609 gitum
249 2566 310 2595 aut
334 2559 461 2592 calcem
481 2556 703 2590 admordente
721 2556 842 2588 mure?
867 2565 930 2587 nu-

116 2621 193 2665 gae.
219 2607 428 2641 scribamus:
463 2602 525 2638 καὶ
548 2599 646 2637 ὅπου
670 2599 787 2640 πόνος
810 2598 930 2643 ἄνδρα

118 2654 259 2695 ἱκάνει,
291 2649 458 2695 νήδυμος
492 2644 554 2683 mn’
588 2644 701 2689 α’πέφ.
739 2654 804 2681 etc.
843 2658 928 2690 qua-

117 2712 255 2746 cunque
277 2704 378 2744 parte
414 2695 567 2741 corporis
603 2694 766 2727 hominem
792 2693 928 2726 admor-

117 2748 218 2788 deat‚
244 2756 320 2779 eum
343 2742 455 2776 subito
484 2753 527 2775 ex
559 2752 674 2774 somno
700 2738 842 2772 excitari
875 2738 929 2772 di-

119 2793 166 2828 cit
201 2802 293 2833 mu8‚
333 2790 462 2834 quippe
495 2787 586 2821 haud
616 2785 777 2820 mediocri
812 2784 930 2818 ‹lolore

117 2840 212 2881 affec,
211 2847 302 2878 :um3
336 2847 402 2881 quo
440 2832 677 2868 fortitudinem
709 2842 802 2864 suam
828 2842 930 2876 prae-

117 2885 224 2919 dicat.

165 2940 222 2977 54.
244 2939 375 2974 malim:
407 2939 466 2974 πλ.
490 2935 543 2974 δέ.

119 2991 176 3025 tus
192 2985 351 3022 intulerit
373 2982 434 3031 δή.

599 2933 800 2970 Metricus'
791 2933 930 2980 imperi-

1021 2244 1184 2279 59—61.
1210 2243 1455 2290 ἀμφίβιον
1477 2241 1642 2288 νομὴν,
1665 2243 1783 2280 dotem

975 2291 1135 2333 ancipitis
1158 2296 1320 2332 naturae,
1346 2302 1367 2324 a
1389 2290 1522 2331 νέμειν.
1556 2290 1610 2322 Ex
1634 2290 1782 2335 [lg-enin.

975 2355 1017 2361 -
1044 2337 1235 2369 versiculus
1259 2340 1338 2380 60.,
1381 2336 1439 2380 qui
1473 2335 1575 2379 vulgo
1602 2344 1682 2380 post
1719 2349 1779 2372 se·

975 2388 1133 2424 quentem
1158 2383 1303 2426 legitur,
1339 2389 1467 2416 temere
1497 2382 1640 2415 omissus
1671 2383 1808 2418 estin·

975 2428 1080 2465 Flor„
1106 2429 1181 2461 Ald.
1206 2435 1241 2462 et
1266 2428 1340 2462 aliis
1366 2428 1470 2468 edd,
1495 2439 1585 2472 quae
1608 2427 1689 2463 inde
1714 2430 1783 2463 flu-

976 2479 1118 2508 xerunt.
1151 2475 1283 2507 uncinis
1317 2474 1486 2507 inclusere
1525 2473 1611 2506 Ern.
1652 2481 1688 2508 et
1719 2477 1780 2517 W,

976 2531 1036 2553 suo
1061 2521 1135 2553 loco
1159 2527 1386 2564 reposuerunt
1411 2520 1526 2559 Barn„
1551 2525 1703 2554 veterem
1726 2521 1786 2555 ille

975 2572 1117 2599 secutus
1137 2567 1288 2600 codicem
1307 2566 1499 2606 Paulinum,
1515 2565 1557 2600 B.
1577 2573 1614 2600 et
1633 2566 1783 2602 Franke.

1021 2635 1075 2668 63
1112 2633 1296 2677 κράτει,
1336 2639 1436 2675 tene,
1472 2634 1658 2690 prehende.
1700 2644 1783 2668 usus

974 2679 1145 2713 recentior
1167 2681 1266 2724 hujus
1291 2681 1403 2714 xerbi.
1419 2700 1464 2705 —
1489 2677 1652 2724 ὄληαι,
1678 2676 1783 2734 αφί-

974 2739 995 2759 κ
1007 2739 1029 2769 η
1042 2739 1099 2760 αι.
1124 2737 1243 2759 versus
1266 2724 1552 2768 ὁμοιοτέλευτοι,
1568 2737 1661 2758 more
1679 2725 1782 2759 etiam

976 2771 1130 2808 Homeri.
1165 2772 1301 2815 similis,
1336 2773 1398 2807 sed
1430 2772 1516 2807 alius
1540 2771 1695 2816 generis,
1727 2776 1781 2806 est

977 2819 1056 2853 153.

1021 2886 1077 2930 77,
1103 2885 1159 2920 78.
1195 2884 1329 2926 οἷον,
1356 2883 1416 2926 ὦς.
1439 2905 1485 2911 --
1509 2881 1674 2920 ἄπολλ.
1706 2897 1781 2919 κα·

974 2931 1029 2967 τοὶ
1054 2933 1237 2975 λίμνην.
1267 2933 1317 2965 sic
1345 2932 1418 2965 Ald.
1442 2932 1497 2972 3.‚
1521 2942 1610 2976 quae
1635 2930 1782 2964 liabetur
1820 2947 1821 2950 ¹

975 2978 1104 3025 optima
1136 2979 1329 3013 Aldinarum
1352 2977 1494 3012 Homeri
1525 2976 1602 3012 edd.
1636 2976 1687 3020 (v,
1710 2977 1783 3011 De·
1820 3014 1821 3022 ἵ
