1821 3288
623 94 1115 140 EPILOGUS.
1610 97 1696 139 551

38 213 262 266 pertinent,
298 212 448 251 facilius
475 209 570 248 huic
597 210 710 249 velut
737 210 997 248 fundamento
1033 214 1370 261 superstruantur.
1429 220 1529 261 quae
1561 214 1694 247 tamen

39 278 79 308 et
107 271 237 308 abesse
271 269 421 320 possint
455 267 538 304 sine
572 267 809 304 detrimento
848 271 1009 317 poetae,
1046 279 1136 303 cum
1173 267 1405 316 praesertim
1446 280 1526 304 non
1563 266 1694 304 desint

37 328 152 375 libri,
191 327 233 364 in
269 325 410 374 quibus
443 325 651 375 separatim
688 330 806 372 atque
839 323 978 360 ordine
1014 328 1265 360 enarrentur.
1323 336 1450 373 neque
1479 323 1582 360 enim
1616 337 1694 360 no·-

37 390 171 422 tarum
203 394 317 419 causa
346 381 519 418 eduntur
549 381 758 431 scriptores
788 380 958 427 classici;
993 392 1108 428 quem
1142 379 1370 428 ineptorum
1402 393 1576 418 errorem
1606 393 1692 417 me-

35 440 115 478 rito
146 438 343 488 exagitans
375 439 631 488 Caposerreus
668 436 710 473 in
739 437 1000 474 animadvers.
1030 436 1080 472 ad
1107 435 1224 473 Ovid.
1253 438 1346 473 Met.
1376 441 1461 477 10.:
1503 437 1575 486 „In
1606 449 1693 474 me·-

34 495 161 533 moria
192 494 420 533 habendum
454 496 562 539 est‚“
603 493 754 542 inquit,
801 493 867 540 „id
909 492 1018 542 quod
1056 492 1131 530 viri
1175 491 1385 529 doctissimi
1418 493 1496 544 jam
1538 493 1693 544 pridem

34 551 233 590 testificati
270 557 384 602 sunt,
422 552 462 588 in
491 550 685 587 neminem
720 553 926 600 poetarum
961 548 1050 600 plus
1080 548 1151 585 sibi
1183 550 1445 586 temeritatem
1479 550 1692 588 sciolorum

31 607 250 658 permisisse
291 621 408 657 quam
448 607 489 644 in
521 605 649 655 hunc,
689 611 736 642 ut
767 608 850 653 cui,
899 620 971 656 pro
1013 606 1185 643 candore
1228 618 1273 642 ac
1297 606 1484 643 facilitate
1519 620 1588 643 sua
1622 607 1691 644 uni

31 665 208 702 omnium
249 663 353 701 inter
403 677 542 701 manus
581 662 780 711 versanti,
831 663 1010 700 facillime
1049 668 1208 713 possent
1245 662 1483 713 ineptiarum
1529 677 1691 701 suarum

30 721 200 758 scabiem
229 721 426 770 affricare3
472 734 555 772 qna
595 722 669 771 qai
707 721 1054 771 elegantissimum
1083 724 1250 770 poetam
1276 727 1450 770 purget,
1489 722 1690 770 pristino..

30 791 107 829 que
134 791 210 814 suo
238 779 364 814 nitori
395 781 607 826 restituat,
646 776 756 813 lianc
785 777 886 827 plus·
926 777 994 814 illa·
1023 778 1200 825 conferre
1232 778 1414 813 existimo
1451 791 1574 827 quam
1605 779 1690 829 qui,

28 835 277 885 neglecta
307 836 544 885 corporis·
581 847 735 881 cura,
779 835 912 871 variis
943 835 1185 883 corruptelis
1222 840 1346 884 atque
1379 835 1692 872 incra-stationi·-

27 890 128 939 bus,
171 891 283 927 velat
323 891 549 937 ulceribus,
592 897 810 927 scatentem
856 892 1239 927 commentariorum
1278 897 1382 929 veste
1430 890 1691 932 circumdet.“

0 960 128 998 *quae
158 947 281 985 verba
308 948 348 985 in
378 948 569 999 plurimos
603 948 722 984 etiam
755 946 914 984 Homeri
946 947 1116 984 editores
1148 948 1404 985 conveniunt.

140 1005 330 1054 Superest
365 1011 412 1042 ut
453 1004 579 1041 dicam
619 1004 667 1040 de
708 1003 928 1052 indicibus,
969 1004 1112 1053 quibus
1145 1006 1321 1042 omnium
1353 1003 1514 1042 minime
1552 1018 1690 1044 caren-

26 1060 124 1099 dum
159 1060 236 1098 suit
264 1062 370 1110 patri
397 1059 655 1097 humanitatis
679 1066 844 1110 propter
874 1059 1026 1111 copiam
1056 1074 1190 1099 rerum
1223 1067 1261 1098 et
1292 1061 1530 1109 verborum,
1562 1076 1690 1113 quan-

23 1123 106 1155 tam
138 1117 211 1155 vix
248 1117 355 1167 apud
385 1117 512 1154 ullum
550 1116 784 1167 scriptorem
817 1117 1009 1157 invenias.
1069 1131 1167 1167 quos
1202 1118 1357 1157 Indices
1385 1119 1564 1169 quamvis
1600 1125 1690 1158 stu-

24 1175 134 1212 diose
169 1187 213 1211 ac
248 1173 455 1223 diligenter
487 1174 657 1222 confeci,
698 1178 830 1210 tamen
856 1187 937 1211 non
974 1174 1123 1224 ubique
1158 1175 1312 1213 Ionicas
1352 1176 1569 1214 verborum
1602 1177 1690 1215 sor-

21 1244 106 1269 mas
139 1230 437 1280 perscribendas
465 1243 546 1267 esse
578 1229 820 1278 existimavi,
861 1231 929 1268 sed
953 1229 1018 1268 hic
1056 1232 1138 1269 illic
1167 1232 1281 1284 posui
1317 1235 1441 1284 ναῦς,
1480 1229 1617 1285 ἥλιος,
1649 1240 1690 1272 et

21 1287 98 1324 alia
144 1286 375 1338 hujusmodi
423 1287 648 1324 Atticorum
689 1286 870 1334 notiora,
938 1300 1038 1336 quae
1066 1288 1179 1326 facile
1219 1290 1385 1339 quisque
1427 1291 1690 1329 amussitabit.

19 1349 249 1395 praeterea,
281 1343 456 1381 taedium
487 1349 525 1380 et
549 1343 801 1395 jejunitatem
837 1344 1035 1381 Seberiani
1062 1345 1152 1383 libri
1181 1347 1426 1395 evitaturus‚
1458 1361 1586 1398 neque
1602 1348 1692 1386 loca

20 1400 153 1438 omnia
180 1400 509 1448 commemoravi,
541 1401 581 1437 in
615 1400 758 1450 quibus
795 1413 875 1438 vox
910 1414 1087 1452 quaeque
1127 1403 1298 1453 legitur,
1343 1410 1381 1442 et
1408 1403 1572 1454 phrases
1599 1405 1692 1443 dedi

18 1457 152 1509 potius
198 1470 317 1507 quam
359 1457 463 1494 nuda
495 1457 637 1504 verba,
689 1456 813 1494 sicubi
850 1456 995 1494 horum
1037 1471 1171 1496 sensus
1210 1461 1330 1509 paulo
1372 1460 1579 1500 obscurior
1610 1475 1693 1501 esse

18 1513 235 1554 videretur,
296 1513 378 1550 fere
409 1521 540 1550 autem
572 1513 682 1549 omisi
713 1513 1084 1561 interpretationem
1115 1516 1428 1566 vocabulorum,
1474 1532 1565 1556 cum
1593 1533 1694 1571 pro-

16 1576 154 1621 pterea
191 1569 296 1618 quod
338 1581 388 1605 ex
423 1566 750 1605 annotationibus
789 1569 868 1617 peti
901 1575 1056 1618 potest,
1097 1576 1184 1608 tum
1223 1573 1314 1622 quia
1352 1575 1588 1626 propediem
1618 1590 1693 1616 ex-

15 1632 198 1678 pectatur
228 1624 444 1662 doctissimi
479 1624 524 1660 G.
557 1622 625 1663 Ch.
659 1623 786 1661 Crusii
817 1624 975 1663 lexicon
1006 1625 1276 1669 Homericum.

131 1681 246 1729 Vale,
278 1681 421 1718 Lector
450 1679 626 1728 erudite,
669 1685 708 1717 et
739 1694 811 1718 nos
839 1694 947 1730 ama,
991 1683 1093 1721 sicut
1132 1685 1246 1724 decet
1284 1684 1539 1740 φιλομήρους
1569 1687 1691 1741 φιλό-

15 1753 156 1791 μηρον.
215 1737 365 1775 Dabam
396 1736 648 1775 constantiae
678 1736 731 1774 ad
760 1737 892 1776 lacum
920 1739 1209 1795 Brigantinum‚
1238 1744 1319 1785 Cal.
1348 1745 1474 1798 April.
1505 1760 1540 1786 a.
1568 1750 1690 1792 1836.

452 2028 1233 2084 EPIPHONEMA.

192 2197 194 2199 ‚
230 2142 416 2196 Ingenui,
446 2142 527 2181 huc
557 2144 693 2183 adsitis
723 2151 762 2184 et
791 2160 939 2197 aequae
968 2147 1158 2199 imponite
1187 2150 1303 2201 lanei,

167 2200 207 2231 Φ
320 2200 513 2238 Dentibus
545 2202 746 2240 obscoenis
775 2216 874 2253 quae
904 2205 1004 2255 petit
1031 2205 1198 2256 Invidia,

232 2257 413 2295 Carmina
444 2257 649 2309 primigeni
680 2259 801 2307 vatis,
834 2273 883 2298 ne
914 2261 1129 2312 adjungere
1161 2266 1285 2316 possit

317 2313 397 2351 Nos
427 2313 675 2353 imitatorum
705 2317 873 2367 pessima
903 2318 1019 2356 turba
1050 2319 1144 2357 sibi!

229 2370 379 2409 Verum
409 2372 606 2420 quaesivi,
642 2372 758 2424 jussis
789 2374 949 2423 plorare
977 2377 1190 2427 magistris;

317 2427 466 2464 Lucida
498 2428 679 2479 dispulsis
712 2443 822 2467 sensa
855 2431 946 2470 dedi
977 2433 1142 2474 nebulis,

229 2482 317 2520 Sin:
350 2490 456 2521 certe
490 2485 611 2525 volui.
671 2487 717 2524 In
746 2488 916 2538 magniS,
947 2489 1003 2527 ait
1033 2496 1173 2528 auctor
1202 2496 1344 2529 acutus

311 2537 551 2591 (Magnaque
580 2556 671 2580 sane
701 2543 799 2581 haec
829 2545 966 2596 sunt),
998 2552 1037 2583 et
1066 2547 1237 2586 voluisse
1265 2554 1326 2587 sat
1355 2553 1426 2587 est.

229 2592 385 2641 Quodsi
411 2598 612 2637 Pieridum
643 2600 788 2639 chorus
819 2602 1061 2654 adspiravit,
1092 2604 1260 2655 habebo,

316 2650 407 2697 Qua
435 2655 563 2694 clarus
593 2657 759 2695 volitem
789 2671 875 2696 sera
903 2673 976 2711 per
1004 2674 1074 2698 ora
1109 2660 1254 2711 virum,

225 2705 386 2746 Artibus
414 2707 521 2750 haud
551 2713 676 2751 solitis
704 2720 861 2765 partam
890 2717 1172 2769 propriamque
1201 2731 1403 2768 coronam,

309 2763 423 2813 Quae
453 2767 581 2821 cingat
610 2770 732 2810 viridi
761 2777 941 2824 tempora
966 2775 1110 2813 fronde
1139 2775 1252 2817 senis.
