1821 3288
564 128 1146 171 ΟΔΤΣΣΕΙΑΣ
1205 130 1262 171 Ψ.

1656 132 1741 172 205

300 238 446 284 Ulysses
467 238 558 273 lotus
579 236 830 284 splendideque
860 236 1025 305 vestitus,
1051 242 1088 274 et
1110 242 1294 275 venustate
1319 238 1496 286 praeditus
1520 252 1543 277 a
1566 240 1738 287 Minerva,

221 285 314 320 redit
337 286 381 320 ad
405 296 558 320 uxorem.

316 352 399 423 Ἶῼς
429 352 518 407 ἀρα
545 368 612 404 τις
640 352 835 396 εἴπεσκε·
863 351 918 395 τὰ
942 350 988 396 δ’
985 349 1105 424 οὐκ
1133 353 1261 405 ἰ’σαν,
1295 370 1355 406 ως
1384 353 1595 401 ἐτέτυκτο.

251 408 392 481 αὐτὰρ
416 409 638 465 Ὀδυσσῆα
665 408 958 480 μεγαλήτορα
966 401 1004 466 ᾧ
1029 409 1095 452 ἐνὶ
1129 411 1238 467 οἴκῳ

251 465 493 537 Εὐρυνόμη
520 467 649 522 ταμίη
679 469 860 517 λοῦσεν,
889 465 964 510 καὶ
991 469 1136 537 χρῖσεν
1166 454 1319 522 ἐλαίῳ,

143 523 222 569 155
253 522 367 594 ἀμφὶ
392 523 440 568 δέ
468 540 546 579 μιν
575 527 721 578 φᾶρος
749 523 885 566 καλὸν
915 522 1077 592 βάλεν,
1095 520 1172 578 ἡδὲ
1200 527 1385 578 χιτῶνα,

251 579 392 634 αὐτὰρ
422 584 699 652 κακκεφαλῆς
726 583 850 635 χεῦεν
879 578 993 623 πολύ
1022 577 1180 630 κάλλος
1204 579 1392 650 Ἀθήνη,

253 637 444 695 [μείζονά
476 636 518 680 τ’
556 637 754 681 εἰσιδέειν
783 637 855 679 καὶ
884 635 1104 679 πάσσονα·
1134 636 1267 680 καδδὲ
1296 636 1488 692 κάρητος

251 693 388 744 οὔλας
416 695 492 764 ᾐκε
520 694 681 750 κόμας,
711 692 957 749 ὑακινθίνῳ
986 691 1113 736 ἄνθει
1144 691 1308 748 ὁμοίας.

251 768 312 802 ως
342 750 387 795 δ’
418 767 488 794 οτε
516 767 580 801 τις
606 750 771 806 χρυσὸν
799 749 1067 804 περιχεύεται
1097 748 1277 819 ἀργύρῳ
1310 748 1424 820 ἀνήρ

139 811 221 853 160
249 809 382 861 ἴδρις,
412 806 465 852 ὃν
482 807 726 861 ”Ήφαιστος
757 806 908 848 δέδαεν
937 807 1009 848 καὶ
1041 805 1219 857 Παλλὰς
1244 807 1410 864 Ἀθήνη

249 865 404 933 τέχνην
433 865 666 918 παντοίην,
700 864 903 931 χαρίεντα
933 861 980 905 δὲ
1008 861 1114 916 ἔργα
1144 865 1315 907 τελείει·

250 919 311 971 ὡς
344 922 423 992 μὲν
455 924 518 977 τῷ
547 921 742 974 περίχευε
770 917 900 974 χάριν
927 922 1096 986 κεφαλῇ
1127 934 1171 961 τε
1199 936 1271 963 και
1303 919 1469 975 ὤμοις.]

246 977 296 1020 ἐκ
325 976 371 1021 δ’
404 965 664 1047 ἀσαμίνθου
688 977 754 1043 βῆ
776 976 907 1028 δέμας
938 973 1229 1018 ἀθανάτοισιν
1259 975 1424 1031 ὅμοιος.

245 1032 308 1085 ἀψ
339 1032 382 1076 δ’
414 1036 538 1082 αὐτις
566 1030 664 1075 κατ’
699 1030 772 1086 ἄρ’
802 1030 903 1084 ἓἐ’ζτ

934 1030 1003 1074 ἐπὶ
1032 1029 1231 1086 θρόνου,
1261 1033 1392 1075 ἔνθεν
1422 1029 1594 1089 ἀνέστη,

136 1091 214 1134 165
248 1088 400 1133 ἀντίον
421 1087 478 1146 ἧς
508 1088 693 1148 ἀλόχου,
723 1090 797 1132 καί
826 1104 904 1144 μιν
933 1087 1045 1143 πρὸς
1071 1092 1219 1145 μῦθον
1248 1088 1383 1132 έ’·ειπε

334 1192 402 1238 jam
423 1195 459 1227 et
481 1191 558 1238 ipse
581 1191 672 1226 illam
697 1191 742 1226 de
764 1191 898 1236 frigore
921 1201 983 1225 suo
1007 1190 1267 1238 inexpugnabili
1292 1192 1468 1238 objurgat.

320 1261 603 1331 ,,Δαιμονίη,
633 1260 732 1314 περὶ
764 1260 885 1313 σοίγε
913 1276 1140 1314 γυναικῶν
1168 1259 1458 1315 θηλυτεράων

242 1321 329 1374 κῆρ
362 1315 607 1388 ἀτέραμνον
637 1317 803 1388 ἔθηκαν
828 1315 1043 1385 Ὀλύμπια
1078 1315 1246 1370 δώματ’
1276 1317 1478 1372 ἔΙχοντες

245 1376 301 1419 οὐ
332 1374 410 1444 μέν
441 1372 484 1418 κ’
518 1372 625 1429 άλλη
654 1373 700 1429 γ’
730 1375 814 1416 ώδε
841 1373 965 1442 γυνὴ
982 1371 1174 1427 τετληότι
1202 1377 1334 1441 θυμῷ

198 1433 218 1457 *
248 1431 412 1486 ἀνδρὸς
442 1430 676 1502 ἀφεσταίη,
706 1429 756 1481 ὅς
786 1430 830 1472 οἷ
857 1428 969 1472 κακὰ
1000 1428 1140 1472 πολλὰ
1168 1431 1363 1486 μογήσας

130 1494 212 1534 170
242 1489 366 1532 ἔλθοι
386 1488 599 1557 έεικοστῷ
629 1487 714 1529 ἔτεϊ
743 1486 786 1537 ές
815 1487 1004 1539 πατρίδα
1033 1490 1176 1540 γαῖαν.

241 1542 345 1588 ἀλλ’
379 1541 455 1600 ἄγε
487 1560 584 1596 μοι,
615 1547 743 1598 μαῖα,
775 1541 984 1595 στόρεσον
1012 1541 1150 1598 λέχος,
1183 1540 1304 1598 ὄφρα
1333 1542 1408 1585 καὶ
1439 1539 1570 1594 αυτὸς

239 1602 437 1655 λέξομαι·
471 1606 498 1672 ἡ
528 1599 611 1658 γάρ
642 1603 745 1656 τῇγε
774 1599 975 1654 σιδήρεος
1005 1599 1051 1641 ἐν
1082 1600 1212 1654 φρεσὶ
1241 1598 1428 1653 θυμόςμ

320 1658 410 1702 Τὸν
440 1657 482 1701 δ’
515 1658 619 1700 αύτε
651 1656 885 1711 προσέειπε
913 1657 1143 1710 περίφρων
1162 1658 1472 1727 Πηνελόπεια·

236 1714 469 1771 ,,δαιμόνι’
470 1745 484 1768 ,
513 1713 570 1759 ου’
598 1713 684 1770 γάρ
714 1729 757 1757 τι
785 1714 1089 1770 μεγαλίζομαι,
1119 1711 1218 1757 ουδ’
1251 1711 1461 1768 ἀθερίζω,

116 1874 196 1910 152.
220 1871 266 1917 6',
290 1875 381 1917 772,
404 1873 449 1917 ν’,
475 1874 555 1910 170.

118 1933 305 1968 153-55.
351 1930 438 1968 '.O6
470 1928 790 1988 μεγαλήτορα.
833 1928 874 1972 5',

68 1980 125 2014 81.
149 1998 195 2003 —-
217 1979 437 2024 παθητικαῖς
461 1978 551 2012 dixit
575 1972 603 2024 ᾧ
637 1975 708 2012 ἐνὶ
747 1976 874 2022 οἴκῳ,

67 2036 132 2059 sna
155 2025 192 2058 in
214 2025 334 2066 domo,
366 2036 387 2059 a
411 2036 479 2070 qua
503 2030 572 2058 tam
581 2014 655 2057 diu
679 2023 805 2057 abfuit.
827 2043 874 2050 —-

66 2072 526 2127 λοῦσεν-χιτιόνα,
558 2070 650 2115 chy
662 2068 872 2115 ,466-68,

65 2116 114 2161 δ’,
138 2118 196 2160 49,
219 2119 284 2160 50,
302 2116 353 2158 θ’,
377 2116 468 2159 454,
491 2117 547 2152 55.

113 2176 322 2210 157-162.
372 2174 547 2220 adscripta
570 2173 692 2218 procul
723 2172 828 2207 dubio
853 2184 873 2206 e

64 2218 108 2264 ζ’,
133 2220 347 2258 230-235.
403 2221 460 2255 hic
497 2219 583 2255 satis
616 2218 735 2253 habuit
770 2220 873 2262 possta

65 2266 182 2302 dicere
213 2266 308 2303 πολύ
341 2264 492 2308 κάλλος,
527 2271 566 2300 ut
589 2265 688 2309 Virg.
712 2265 874 2322 pulcher-

65 2313 191 2347 rimam
214 2313 383 2348 Didonem
418 2314 503 2348 Aen.
529 2315 584 2354 1.,
615 2312 717 2352 496.,
751 2316 786 2345 et
809 2310 873 2347 δέ-

65 2370 138 2402 μας
160 2359 412 2396 ἀθανάτοισιν
444 2358 599 2403 ὅμοιον,
632 2358 756 2402 quibus
790 2357 872 2402 quid

63 2405 176 2450 potuit
197 2407 333 2451 majus?
362 2406 472 2452 igitur
502 2405 614 2442 aliena
636 2403 872 2450 separavimus

65 2461 87 2485 a
109 2452 276 2495 genuinis.

111 2509 212 2544 163.
227 2507 272 2554 γ’,
292 2507 372 2547 468.

112 2567 331 2604 166-172.
363 2565 605 2614 δαιμονίη.
652 2578 695 2606 τ,
729 2565 795 2606 71,
828 2563 869 2598 Il.

64 2622 112 2652 α,
135 2612 198 2646 561
235 2618 302 2648 etc.
334 2632 379 2638 —-
409 2613 516 2656 περὶ
550 2624 645 2668 γνν.
683 2622 770 2654 prae
793 2609 869 2644 aliis

63 2657 274 2693 mulieribus.
298 2677 343 2684 —
371 2661 538 2705 θηλυτ
562 2657 604 2701 λ’,
627 2658 708 2693 385.
732 2678 777 2683 -—
812 2657 868 2690 Ε·

63 2703 151 2748 κῆρ
187 2701 488 2763 ἀτέραμνον,
539 2704 581 2740 τὸ
624 2701 784 2747 ἀτειρὲς,
833 2715 866 2736 u.

63 2749 242 2794 σκληρὸν,
265 2749 375 2807 κ.μή
401 2751 520 2796 τερὲν·
554 2749 648 2787 ὅθεν
679 2749 743 2784 και
776 2747 868 2783 ἀτέ-

62 2808 217 2855 ραμνα
240 2796 480 2854 σπέρματα
501 2795 547 2832 τοὶ
564 2795 781 2854 κερασβόλα,
805 2807 869 2830 πε-

62 2842 100 2887 ρὶ
124 2856 176 2877 ων
207 2841 338 2886 λόγος,
370 2841 441 2886 ὣς,
473 2842 540 2880 ἐὰν
569 2844 714 2886 σπέρμα
747 2841 784 2877 ἐν
817 2841 869 2886 τῷ

61 2888 389 2947 καταῤῥίπτεσθαι,
414 2892 466 2931 εἰς
489 2892 558 2935 γῆν
581 2890 698 2947 καιρῷ
722 2887 867 2931 σπόρου

60 2935 198 2981 πελάσῃ
221 2936 344 2980 κέρατι
367 2933 551 2980 ἀροῦντος
574 2935 682 2992 βοὸς)
713 2933 868 2978 σκληρθν

60 2982 198 3025 γίνεται
219 2996 251 3020 κ.
279 2983 504 3031 δυσὲψητον.
544 2984 605 3020 καὶ
629 2983 721 3028 λε’)ει
745 2979 868 3018 Πλού-

919 1883 1054 1917 ταρχος
1093 1869 1134 1907 ἐν
1173 1872 1252 1912 τοῖς
1291 1869 1411 1907 αὐτοῦ
1448 1873 1732 1915 Συμποσιακοῖς

921 1918 975 1962 (7,
999 1921 1054 1960 2.,
1079 1929 1113 1963 p.
1137 1918 1235 1961 700.)
1259 1918 1321 1954 καὶ
1346 1917 1473 1953 αἰτίαν
1495 1917 1636 1953 τούτου
1660 1918 1732 1963 τὴν

919 1964 1045 2011 ἐκείνῳ
1080 1965 1280 1999 δοκοῦσαν.
1330 1965 1444 2008 (vetus
1486 1964 1586 2006 avia,
1628 1977 1731 2011 quam

919 2000 1030 2045 ridet
1045 2011 1309 2056 Theophrastus
1340 2010 1384 2044 de
1430 2011 1553 2045 causis
1586 2011 1730 2047 Planta-

918 2068 992 2090 rum
1013 2056 1074 2090 lib.
1099 2059 1141 2097 4,
1168 2058 1222 2093 12-
1248 2060 1336 2090 extr.
1360 2055 1415 2093 ed.
1437 2056 1730 2114 Schneider.)—

917 2101 1089 2138 ἐνταῦθα
1120 2082 1161 2138 δὲ
1195 2104 1415 2147 σημείωσαι,
1448 2102 1506 2139 ὅτι
1537 2104 1732 2146 συνθέτως

919 2147 988 2193 μὲν
1011 2147 1285 2193 ἀτέραμνον
1315 2148 1358 2185 τὸ
1392 2147 1442 2194 μή
1476 2149 1600 2192 τέρεν,
1635 2149 1729 2188 ἀλλοξ

920 2196 1064 2253 δηλαδὴ
1097 2195 1445 2251 ἀπεσκληρωμένον,
1481 2195 1526 2232 οὐ
1557 2196 1633 2242 μὴν
1664 2199 1728 2235 καὶ

918 2242 1170 2299 τέραμνρν
1189 2239 1405 2283 ἀσυνθέτους
1433 2240 1475 2278 τὸ
1500 2241 1601 2288 τέρεν
1623 2257 1654 2279 κ.
1682 2242 1731 2280 ἆ·-

916 2289 1058 2329 καλὸν,
1085 2286 1170 2324 ἀλλ’
1194 2289 1217 2333 ἡ
1243 2291 1312 2324 τοῦ
1337 2289 1443 2324 οἴκου
1469 2289 1595 2334 στέγη,
1619 2288 1729 2328 καθα

919 2348 988 2371 συν
1013 2333 1137 2376 αλλοις
1161 2335 1224 2370 και
1253 2335 1273 2371 ὁ
1299 2334 1511 2380 Λυκόφρων
1535 2338 1654 2381 δηλοῖ.
1677 2339 1727 2374 cf.

918 2381 1358 2426 801ιη.ν.τε’ρεμνος.-
1389 2382 1635 2428 τετληότι,
1658 2395 1728 2428 pa·

917 2429 1019 2463 tienti
1054 2433 1089 2462 et
1120 2433 1223 2473 tranq
1226 2428 1318 2486 uillp.
1366 2440 1398 2463 v.
1431 2427 1478 2470 6,
1518 2429 1598 2472 447,
1641 2430 1727 2474 459,

916 2473 954 2517 ι’,
988 2475 1057 2509 435
1093 2478 1159 2511 etc,
1189 2493 1234 2499 -—·
1269 2473 1526 2530 ἀφεσταίη
1571 2475 1726 2511 scriben-

917 2521 995 2554 dum
1021 2530 1098 2553 esse
1122 2517 1217 2562 ἀπὸ,
1241 2531 1302 2555 seu
1328 2522 1444 2567 potius
1467 2519 1562 2564 ἄπο,
1587 2522 1724 2568 ὶσταίη,

916 2567 1150 2600 demonstrare
1201 2567 1321 2601 studui
1358 2579 1434 2602 ann.
1472 2568 1516 2602 ad
1560 2570 1638 2605 101.
1676 2588 1725 2598 -·

915 2611 1161 2668 στόρεσον.
1204 2613 1248 2646 cf.
1273 2611 1317 2655 δ’,
1350 2615 1474 2648 296-
1483 2615 1552 2649 300
1584 2620 1653 2650 etc.
1675 2635 1724 2644 —-

914 2657 1084 2702 αὐτὸς,
1108 2660 1211 2692 solus.
1244 2656 1284 2700 5',
1310 2640 1388 2700 ⁵190,
1414 2657 1458 2699 o'‚
1484 2661 1564 2695 310.
1587 2663 1725 2698 —255-

914 2706 1082 2748 ξομαι,
1107 2706 1277 2748 λέξωμαι
1317 2716 1566 2751 quanquamv.
1592 2707 1723 2745 Matth.

914 2753 948 2796 ἕ.
972 2753 1052 2787 519.
1078 2763 1157 2785 ann.
1181 2750 1216 2786 4.

962 2798 1079 2832 174-
1091 2799 1148 2833 77.
1195 2793 1434 2851 δαιμόνιε.
1469 2808 1534 2842 par
1556 2810 1620 2844 pro
1644 2801 1722 2846 pari

914 2843 1040 2878 reddit.
1088 2855 1121 2878 v.
1149 2844 1226 2877 166.
1258 2864 1304 2869 —
1339 2840 1392 2878 ον’
1422 2844 1508 2887 γάρ
1540 2858 1584 2880 τι
1616 2847 1721 2884 A.1.

913 2890 989 2924 Ald.
1017 2891 1072 2924 3.
1107 2885 1194 2924 οὔτ’
1238 2886 1332 2932 ὅρτι.
1370 2889 1457 2923 bene
1488 2891 1594 2927 habet
1623 2893 1720 2935 illud,

913 2941 1045 2992 estque⁹
1066 2936 1336 2992 anteponendum
1371 2936 1531 2979 vulgatae
1568 2939 1720 2985 scriptu-

887 2993 974 3017 rae
999 2979 1086 3018 ουτ’
1109 2978 1156 3027 ἄρ
1181 2994 1237 3026 τι,
1260 2992 1333 3016 cum
1357 2981 1451 3027 pleni
1475 2983 1543 3019 sint
1559 2991 1717 3021 auctores
