1821 3288
93 87 186 128 -230

731 84 1136 127 ΟΜΗΡΟΥ

273 209 354 248 ουχ
383 189 442 243 ὦς
477 193 731 246 Τυνδαρέου
758 193 902 263 κούρη
930 193 1045 237 κακὰ
1071 192 1236 263 μήσατο
1258 193 1382 266 ἔργα,

159 252 261 295 200*
272 252 516 321 κουρίδιον
528 252 730 293 κτείνασα
760 250 911 293 πόσιν·
945 251 1127 305 στυγερὴ
1159 250 1204 294 δέ
1229 249 1269 294 τ’
1273 249 1482 320 ἀοιδῇ

271 306 407 349 ε”σσετ
444 305 516 348 ἐπ’
548 306 830 360 ἀνθρώπους·
841 307 1060 377 χαλεπήν
1078 307 1124 349 δέ
1150 323 1197 375 τε
1227 311 1366 362 φῆμιν
1397 305 1577 354 enoiosa

272 363 538 420 θηλυτέρῃσι
568 364 750 418 γυναιξὶ,
781 362 856 406 καὶ
884 363 913 420 ἥ
942 362 982 407 κ’
1014 362 1190 419 εὐεργὸς
1219 363 1379 420 ἔησιν“

295 499 301 501 ,
320 465 454 500 Interea
479 465 625 508 Ulysses
648 465 790 500 advenit
824 465 870 500 ad
904 476 1044 510 agrum,
1077 465 1114 499 in
1137 477 1203 511 quo
1227 476 1264 500 se
1286 466 1486 502 continebat
1509 467 1654 502 Laertes
1678 477 1754 502 cum

236 511 347 546 servis
370 517 405 545 et
430 524 497 545 anu
522 511 650 546 Sicula.

335 578 417 629 ’Ὼς
448 581 491 622 οἱ
519 578 597 633 μὲν
626 582 809 621 τοιαῦτα
838 578 966 646 πρὸς
979 576 1194 646 ἀλλήλους
1223 576 1452 634 ἀγόρευον,

269 634 441 678 ἑσταότ’
473 637 536 676 εἶν
565 635 710 678 Ἀΐδαο
743 635 906 690 δόμοις,
938 633 1028 679 ὑπὸ
1058 635 1234 678 κεύθεσι
1263 637 1425 689 γαίης]

154 693 237 735 205
269 694 314 734 οἷ
342 692 386 734 6'
415 692 504 734 ἐπεὶ
535 691 581 734 ἐκ
610 692 761 742 πόλιος
794 694 1005 759 κατέβαν,
1034 690 1142 745 τάχα
1173 689 1215 734 δ’
1246 691 1381 746 ἀγρὸν
1412 693 1559 739 ι’κοντο,

268 748 405 791 καλὸν
436 748 635 802 Λαέρταο
666 749 941 804 τετυγμένον,
972 747 1023 791 ὅν
1053 748 1110 802 ῥά
1140 748 1238 790 ποτ’
1269 748 1424 802 aenis-5

219 862 238 882 :p

250 928 265 950 ἱ

97 996 221 1027 φρονα
251 985 516 1032 Πηνελοπειᾝην
544 988 683 1032 sacient
713 987 905 1020 hominibus

97 1031 147 1063 (1ίί
170 1032 359 1072 jucundum
395 1046 534 1067 carm-en
566 1035 770 1078 prudentem
796 1033 904 1066 Pene-

96 1077 221 1119 lopam.
254 1078 319 1111 lioc
342 1078 451 1121 dixit,
485 1080 550 1113 nisi
574 1082 694 1122 iallor‚
716 1087 754 1113 ut
779 1079 901 1113 Horat.

95 1122 209 1166 Epist.
236 1126 274 1163 1,
302 1126 364 1166 13,
389 1128 421 1159 9.
448 1128 574 1168 sabula
593 1128 680 1169 fias,
717 1126 751 1159 h.
778 1137 809 1159 e.
833 1137 904 1158 ma-

95 1168 183 1201 teria
209 1168 357 1210 fabulae,
383 1179 451 1205 etc.
483 1174 526 1205 de
551 1185 575 1205 α
599 1179 634 1206 et
659 1186 685 1212 ι,
710 1171 859 1215 itemque
882 1183 903 1204 v

95 1213 189 1246 finali
213 1220 248 1248 et
272 1229 284 1248 ι
309 1216 497 1271 adscripto,
523 1218 616 1251 inter
634 1229 671 1251 se
689 1217 903 1250 commutatis

94 1264 128 1294 v.
160 1258 214 1298 θ’,
239 1262 319 1304 560,
353 1261 396 1304 ξ’,
428 1265 498 1297 280
523 1272 588 1297 etc.
621 1283 665 1288 -
700 1274 819 1307 στνγ.
853 1261 903 1297 δέ

94 1304 133 1339 τ’
159 1308 269 1341 άοιό
284 1288 546 1353 q-sic'quidem
572 1312 612 1343 A.
636 1311 669 1344 2.
694 1311 799 1350 et3.,
824 1308 902 1342 Ald.

94 1353 141 1393 3.,
165 1354 211 1385 W
247 1359 281 1386 et
284 1322 370 1393 ηΒ.;
403 1356 463 1388 sed
495 1356 606 1389 malim
638 1361 751 1389 tamen
775 1367 827 1390 στ.
855 1353 904 1395 ,δέ

94 1397 131 1442 γ’
167 1397 298 1443 ιίοιδὴ,
334 1400 414 1444 quia
438 1402 659 1445 subsequitur
684 1402 726 1436 δέ
747 1414 798 1436 τε.
839 1401 905 1435 hae

94 1446 287 1489 particulae
323 1458 428 1489 saepe
463 1448 530 1481 sibi
554 1447 669 1480 fraudi
697 1448 838 1480 suerunt
868 1447 904 1480 in

94 1491 193 1524 libris
218 1499 361 1536 propter
384 1493 660 1526 similitudinem:
686 1505 719 1526 v.
745 1493 905 1535 Aeschyl.

96 1537 195 1581 Sept
221 1539 276 1576 56,
304 1538 413 1581 Eurip
453 1538 508 1572 El.
533 1540 612 1577 212
646 1540 791 1572 Porsen.
815 1539 904 1572 indi-

95 1582 194 1616 cibus
218 1583 498 1617 Adversariorum
526 1592 559 1618 et
583 1585 794 1625 fabularum,
820 1595 904 1628 quas

96 1628 216 1669 edidit,
241 1629 432 1673 Euripidis,
460 1636 526 1663 etc.
553 1631 674 1674 Xenop
678 1631 708 1663 h.
737 1630 844 1663 Anah.
869 1630 904 1671 3,

95 1654 241 1715 3‚17'.:
282 1674 318 1709 οἱ
344 1675 384 1709 δέ
406 1688 445 1718 γε
465 1673 621 1718 Ρόδιοι,
659 1682 695 1709 et
717 1675 842 1709 ibidem
868 1677 901 1715 5,

98 1720 137 1759 5
167 1722 240 1755 18.:
278 1720 492 1763 Mainomvag
517 1722 557 1756 δέ
580 1721 639 1765 γε,
676 1728 742 1755 etc.
767 1741 812 1747 —
837 1722 905 1756 εἰν

94 1764 254 1801 Ἀίδαο
291 1786 335 1791 —-
366 1770 520 1812 γαίης.
562 1768 602 1801 Il.
628 1766 672 1822 χ’,
697 1769 796 1803 482:
835 1768 905 1802 νῦν

97 1811 137 1847 ὸὲ
162 1824 205 1846 συ
231 1811 296 1853 μὲν
321 1810 442 1848 Ἀΐδαο
476 1814 615 1859 δόμους
647 1811 721 1848 υπὸ
754 1813 906 1848 κεύθεσι

95 1860 203 1914 γαίης
224 1858 385 1903 ”Ερχεαι.
427 1860 515 1894 idem
557 1862 696 1899 κεῦθος
730 1861 781 1903 τῷ
822 1873 906 1895 κευ-

95 1905 217 1948 θμών
255 1907 298 1939 de
324 1918 389 1950 quo
415 1907 458 1940 ad
483 1904 527 1948 κ’,
551 1907 630 1942 283.
665 1907 710 1938 cf.
732 1906 776 1940 E.
802 1907 905 1940 Scin.-

96 1951 224 1987 κευᾞθ
251 1954 408 2009 γαίης
437 1956 615 1998 κρυπτοῖς
636 1951 781 1992 τόποις.
815 1952 906 1998 λέγει

99 1997 140 2034 δε
163 2001 242 2038 τοῖς
262 1997 336 2032 ὑπὸ
362 2000 441 2043 γῆν.

143 2046 358 2079 205-207.
404 2043 527 2088 τάχα
550 2043 620 2086 δε,
653 2057 747 2088 ταχα
768 2043 828 2088 δή.
860 2065 906 2071 -

98 2091 421 2134 τετυγμένον,
444 2092 668 2134 instructum,
700 2091 838 2125 cultum.
871 2102 906 2125 v.

100 2136 145 2180 δ’,
171 2136 383 2181 615,11.ξ’,
408 2139 429 2173 9
455 2144 520 2170 etc.
547 2156 591 2163 -
615 2137 908 2172 κτεάτισσεν.

101 2181 147 2230 β’,
184 2186 249 2219 102
274 2190 340 2216 etc.
372 2203 417 2209 —
449 2182 551 2218 ἐπεὶ
582 2203 627 2208 ——-
660 2181 908 2227 ἐμόγησεν.

101 2232 187 2264 haec
216 2230 244 2263 si
272 2230 420 2273 genuina
445 2234 541 2271 sunt,
566 2230 668 2263 multo
692 2241 765 2263 cum
791 2230 910 2263 labore

101 2288 222 2321 agrum
241 2287 313 2308 eum
339 2275 561 2320 acquisivisse
580 2277 630 2309 ait
649 2276 809 2316 Laerten,
834 2286 910 2308 cum

102 2323 210 2356 nollet
240 2321 408 2360 vendere,
453 2322 594 2366 opinor,
637 2329 735 2355 vetus
771 2322 911 2355 colonus

103 2369 230 2401 avitam
255 2368 522 2412 possessionem,
546 2368 826 2412 quemadmodum
850 2378 913 2400 no-

103 2419 176 2448 stra
210 2415 369 2447 memoria
401 2414 534 2447 molitor
567 2414 705 2458 quidam
730 2413 911 2447 Friderico

103 2471 250 2504 magno,
276 2461 413 2493 multum
432 2459 590 2502 licitanti,
612 2460 753 2503 negavit
771 2460 912 2492 fundum

105 2517 212 2541 suum.
239 2509 299 2539 sed
326 2506 433 2549 friget
456 2505 523 2538 ista
545 2507 728 2547 sententia,
753 2517 817 2539 nec
840 2505 912 2538 fer-

105 2553 136 2587 ri
163 2564 262 2597 posse
286 2551 425 2584 videtur
449 2563 667 2586 κτεατισσεν.
692 2552 791 2585 Sch..·
815 2563 914 2586 κτε-

107 2597 325 2633 άτισσεν.
353 2596 500 2632 ἔκτισεν.
526 2598 602 2642 quis
626 2598 771 2638 dubitet,
796 2597 914 2631 lemma

107 2650 271 2678 mutatum
306 2654 381 2677 esse
415 2655 436 2677 a
459 2643 625 2685 librariis,
659 2644 716 2688 qui
740 2644 914 2688 vulgatam

107 2691 312 2733 scripturam
345 2689 520 2723 inculcare
544 2690 689 2733 hsolent?
727 2690 916 2723 scribamus

109 2737 322 2769 confidenter
346 2734 518 2778 ἕκτισσεν,
542 2737 697 2770 excoluit.
723 2736 757 2769 id
782 2735 839 2769 ille
863 2735 916 2768 in-

109 2786 323 2825 terpretatus
348 2788 402 2815 est
427 2780 586 2824 ἔκτισεν,
609 2782 767 2826 idemque
791 2780 918 2825 legerit

111 2838 252 2860 necesse
276 2831 328 2860 est
352 2830 422 2861 Am.
450 2829 493 2868 Q.
507 2853 517 2871 ,
543 2828 601 2873 qui
625 2829 710 2860 haec
733 2828 784 2861 ita
807 2826 918 2872 expli-

111 2879 187 2905 cet..
222 2872 522 2930 ,ἐκακοπάθησεν
565 2871 918 2916 οἰκοδομήσας,

113 2917 308 2963 φυτεύσας.
343 2920 392 2953 sic
416 2920 458 2963 λ’,
482 2921 583 2957 262:
613 2919 650 2956 οἰ
673 2920 816 2966 πρῶτοι
841 2919 918 2966 Θή-

220 806 239 826 *
268 808 464 860 Λαέρτης
493 805 753 857 κτεάτισσεν,
783 806 870 849 ἐπεὶ
900 804 1015 860 μαλα
1044 803 1168 847 πόλλ’
1201 804 1421 874 ἐμόγησεν.

269 861 379 904 ἔνθα
410 864 454 905 οἱ
483 865 604 913 οἰκος
633 862 729 920 ἔην·
759 863 858 918 περὶ
889 863 935 906 δὲ
963 863 1132 906 κλίσιον
1161 861 1246 905 θέε
1264 862 1420 917 πάντῃ,

949 988 1018 1031 βης
1053 986 1135 1028 ἕδος
1167 984 1311 1021 ἔκτισαν
1342 984 1570 1021 ἑπταπύλοιο
1602 988 1669 1020 etc.
1709 985 1757 1021 cst

949 1033 1092 1067 inferius
1116 1036 1204 1074 226,
1238 1031 1409 1067 244-47.
1435 1036 1470 1064 at
1492 1031 1582 1065 unde
1606 1032 1755 1076 ineptum

948 1079 1040 1113 istud
1074 1079 1309 1114 κτεάτισσεν.)
1343 1077 1476 1121 inquiat
1498 1077 1676 1122 quispiam.
1713 1088 1756 1111 ex

949 1132 1052 1165 metu,
1076 1126 1112 1159 ni
1126 1126 1236 1164 fallor,
1262 1124 1406 1164 librarii,
1431 1123 1488 1168 qui
1512 1135 1586 1157 cum
1610 1123 1645 1157 id
1669 1124 1755 1157 scri-

950 1171 1076 1215 psisset
1113 1182 1174 1215 per
1208 1170 1441 1204 oscitationem
1478 1181 1538 1213 pro
1583 1169 1755 1210 ἕκτισσεν,

948 1216 1056 1250 litura
1088 1217 1233 1250 foedare
1265 1216 1372 1249 noluit
1404 1215 1574 1256 codicem,
1619 1228 1662 1249 ne
1696 1220 1758 1250 aut

949 1261 1086 1296 minoris
1113 1273 1187 1295 eum
1211 1262 1399 1303 venderet,
1424 1267 1484 1296 aut
1506 1261 1690 1308 vapularet
1713 1263 1756 1296 ab

951 1308 1077 1342 abbate
1101 1319 1174 1342 suo.

995 1355 1075 1389 208.
1101 1354 1210 1387 malim
1234 1353 1392 1387 suaviore
1413 1364 1515 1393 sono,
1541 1365 1605 1387 nec
1629 1353 1757 1409 depro-

950 1406 1072 1445 perato
1106 1400 1324 1445 pronomine:
1360 1399 1450 1434 ἐνθ’
1483 1399 1520 1433 οἱ
1553 1397 1654 1439 οἶκος
1678 1400 1754 1445 εἠν.

951 1452 1068 1490 potest
1093 1451 1227 1488 autem,
1267 1453 1304 1479 ut
1337 1459 1390 1480 -α
1421 1451 1532 1480 ortum
1565 1446 1611 1480 sit
1635 1459 1677 1480 ex
1703 1447 1753 1489 οἱ,

951 1491 1043 1525 sicut
1067 1491 1152 1524 haec
1167 1503 1272 1537 saepe
1295 1492 1464 1536 permixta
1487 1502 1564 1525 esse
1587 1493 1753 1527 novimus.

951 1539 1024 1570 Am.
1034 1537 1115 1598 ’.Ω-ε
1145 1539 1343 1572 κλίσιον.
1368 1540 1616 1581 περίφραγμα.
1651 1540 1754 1573 Seli..-

949 1578 1049 1624 ἅπαξ
1074 1583 1227 1627 εἷρηται.
1267 1587 1433 1627 σημαίνει
1457 1583 1498 1618 os
1531 1583 1683 1629 ἐξέδραν
1705 1599 1758 1620 τι·-

949 1627 998 1662 νοὶ
1020 1628 1256 1684 σιγματοειὸἧ
1281 1630 1333 1672 (h.
1358 1642 1388 1663 e.
1412 1631 1513 1688 hujus
1536 1630 1670 1675 figurae
1688 1632 1756 1676 C),

950 1669 1034 1709 ἐν
1004 1687 1035 1731 ῃ
1065 1673 1202 1710 ε’κειντο
1228 1675 1263 1709 οἱ
1286 1678 1451 1733 κλισμοί.
1475 1675 1498 1721 ἢ
1522 1680 1757 1721 κρηπιδωμα,

950 1719 1012 1764 ἐφ’
1052 1716 1098 1756 οὗ
1122 1721 1367 1765 ἐκαθέζοντο,
1404 1718 1428 1763 ἢ
1463 1722 1672 1763 ἐκοιμῶντο.
1704 1726 1756 1760 E:

949 1769 1142 1802 κλίσιον
1178 1767 1358 1807 οἰκετικὸς
1391 1767 1494 1809 οἶκός
1526 1768 1623 1804 ἐστιν
1655 1769 1756 1807 εὖτε-

951 1812 1027 1857 λης,
1052 1813 1114 1848 καὶ
1140 1812 1221 1849 οἷόν
1245 1827 1300 1854 τις
1324 1817 1456 1857 κλισία,
1481 1815 1563 1858 περὶ
1589 1812 1634 1860 ἣν
1659 1819 1758 1860 δμῶ-

952 1872 988 1899 ες
1024 1860 1146 1894 ἴαυον.
1173 1861 1327 1914 (recte.)
1361 1874 1464 1904 παρα
1494 1863 1621 1905 μέντοι
1647 1861 1760 1903 Ἀττι-

950 1909 1030 1947 κοῖς
1053 1904 1095 1940 τὸ
1122 1908 1261 1941 κλίσιον
1284 1903 1437 1950 αμαξων
1465 1921 1497 1942 κ.
1523 1910 1660 1953 ζευγῶν
1682 1909 1759 1948 ἐστι

951 1952 1130 1995 δεκτικὸν,
1156 1950 1176 1987 ὃ
1199 1952 1336 1994 λέγεται
1359 1955 1472 1997 (velut
1484 1966 1553 2010 ap.
1579 1956 1693 1992 Schol.
1719 1960 1760 1992 A.
1795 1987 1800 1990 ,

951 2000 1007 2042 2.)
1039 1998 1128 2038 τούς
1158 1996 1362 2042 Ρωμαίους
1392 2013 1496 2044 παρα
1532 2001 1601 2045 τήν
1634 2002 1761 2040 στάσιν

951 2047 1111 2080 σταῦλον
1129 2047 1263 2079 καλεῖν.
1288 2047 1475 2088 (σταῦλον,
1494 2048 1663 2094 στάβλον,
1687 2055 1762 2084 sta-

954 2092 1090 2133 bulum,
1114 2092 1205 2135 quod
1230 2103 1250 2125 a
1273 2093 1399 2126 stando
1423 2093 1551 2137 dictum
1575 2101 1645 2137 est,
1670 2096 1762 2131 sicut

952 2140 1093 2173 κλίσιον
1117 2148 1138 2170 a
1160 2139 1316 2179 κλίνειν,
1342 2145 1377 2172 et
1399 2139 1598 2174 Latinorum
1623 2154 1690 2176 vox
1713 2142 1763 2176 si-

956 2184 1042 2218 milis
1061 2184 1243 2228 potestatis
1266 2186 1446 2228 tugurium
1470 2196 1491 2218 a
1515 2187 1676 2230 tegendo,
1700 2199 1762 2222 au-

957 2236 1054 2263 ctore
1076 2229 1209 2263 Isidoro
1236 2230 1338 2274 Orig.
1363 2232 1427 2272 15,
1454 2233 1508 2266 12.
1547 2233 1647 2276 Virg.
1672 2236 1760 2268 Aen.

957 2277 991 2316 7,
1015 2277 1114 2310 512..
1139 2276 1251 2309 ardua
1273 2281 1366 2310 tecta
1387 2277 1477 2319 petit
1498 2278 1647 2318 stabuli,
1672 2280 1705 2313 h.
1730 2287 1762 2314 e'

957 2321 1085 2365 tugurii
1117 2328 1311 2366 pastorum,
1347 2323 1444 2366 cujus
1477 2324 1586 2357 vicem
1611 2325 1762 2361 Eumaeo

957 2367 1113 2412 implevit
1136 2379 1238 2412 rupes
1264 2379 1349 2402 cava
1375 2369 1417 2410 ξ’,
1434 2370 1514 2403 532.
1540 2376 1576 2403 et
1597 2371 1655 2406 33.
1681 2372 1761 2405 Vir-

959 2415 1041 2459 gilio
1065 2414 1087 2447 l.
1114 2426 1144 2448 c.
1171 2413 1333 2447 adhibere
1353 2415 1509 2458 jubemur
1534 2416 1764 2451 Boustettenii

965 2461 1105 2505 Voyage
1140 2471 1198 2492 sur
1237 2461 1273 2492 la
1295 2461 1392 2494 scene
1417 2462 1475 2494 des
1496 2463 1518 2495 6
1542 2463 1698 2497 derniers
1721 2464 1765 2497 li-
1800 2462 1803 2465 “

958 2517 1035 2540 vres
1059 2507 1101 2539 de
1127 2505 1284 2539 L'Ene‘ide
1380 2508 1456 2540 102.
1493 2512 1528 2540 et
1555 2519 1652 2553 seqq.
1664 2534 1675 2550 ‚
1705 2508 1764 2546 ubi

961 2553 1094 2586 stabula
1107 2551 1273 2596 ejusmodi
1287 2552 1471 2597 descripsit
1479 2564 1532 2586 vu·
1545 2555 1764 2590 clarissimus.

960 2598 1049 2632 idem
1084 2601 1185 2643 poeta
1217 2598 1339 2642 Eclog.
1367 2600 1406 2639 1,
1439 2600 1502 2633 68.
1532 2602 1700 2644 pauperis
1730 2605 1765 2634 et

961 2646 1085 2690 tuguri
1123 2649 1321 2687 congestum
1363 2645 1490 2688 cespite
1530 2647 1672 2680 culmen.
1716 2645 1766 2680 ibi

962 2691 1062 2724 Voss.
1101 2702 1135 2735 p.
1170 2691 1227 2724 31.
1264 2692 1296 2723 2.
1338 2691 1412 2724 ed.:
1457 2690 1557 2731 „Die
1594 2692 1766 2725 landliche

961 2737 1072 2771 Hiitte
1095 2737 1156 2770 des
1180 2735 1370 2770 Meliboeus
1396 2737 1528 2780 (casa‘
1518 2749 1562 2771 im
1585 2737 1768 2781 Ange-,mei-

962 2793 1029 2817 nen
1053 2783 1220 2827 genannt)
1246 2793 1321 2815 war
1353 2783 1539 2827 eigentlich
1572 2783 1626 2816 ein
1658 2789 1766 2828 tugu-
1820 2786 1821 2804 ³

960 2829 1063 2869 rium,
1088 2828 1173 2861 oder
1194 2828 1397 2873 Schoppen,
1433 2829 1554 2862 dessen
1578 2829 1675 2862 Dach
1701 2841 1767 2864 von

963 2874 1090 2916 Stroh„
1104 2874 1212 2914 Rom,
1238 2874 1434 2908 Gestraiich
1457 2873 1540 2907 oder
1555 2875 1684 2914 Rasen,
1707 2876 1769 2908 oh·
1820 2883 1821 2907 l

963 2931 1007 2956 ne
1040 2921 1119 2956 eine
1151 2919 1279 2963 Wand,
1322 2921 1386 2956 auf
1414 2919 1471 2954 die
1500 2919 1595 2958 Erde
1626 2921 1770 2964 reichte,
1820 2926 1821 2934 ¹
