1821 3288
637 87 1034 130 AHAION.

1578 94 1664 136 273

189 196 264 253 „03
292 203 478 254 κοῦραι,
508 199 573 249 τίς
609 197 654 240 6’
683 196 822 252 ’ύμμιν
851 195 960 253 ανὴρ
991 196 1167 252 ἥδιστος
1196 195 1361 242 &enimv

80 264 159 305 170
188 257 345 302 ἐνθάδε
373 259 598 304 πωλεῖται,
626 255 699 297 καὶ
727 254 808 313 τέῳ
837 255 1045 309 τέρπεσθε
1074 253 1283 325 μάλιστα·,

188 313 310 368 υμεῐς
344 313 388 356 δ’
419 313 468 355 εὐ
496 311 612 366 μάλα
642 315 775 354 πᾶσαι
783 301 1100 365 ὑποκρίνασθ’
1129 309 1358 365 εὐφήμως·

188 369 354 422 τυφλὸς
385 367 515 423 ἀνὴρ,
548 370 659 411 οἰκεῖ
685 369 730 411 δὲ
760 370 852 424 Χίῳ
883 368 949 411 ε’νι
976 367 1298 439 παιπαλοέσσῃ,

131 426 156 455 *
182 431 263 470 τοῦ
291 431 426 469 πᾶσαι
455 424 716 480 μετόπισθεν
745 424 1049 479 ἀριστεύουσιν
1078 423 1268 468 ἀοιδαί.6

189 483 308 548 ἡμεῖς
338 481 382 525 6'
414 480 624 537 ὑμέτερον
654 481 778 533 κλέος
804 484 1005 536 οίσομεν,
1034 481 1171 524 ὅσσον
1199 479 1270 524 ἐπ’
1302 478 1407 527 αἶαν

83 544 159 586 175
190 528 443 591 ἀνθρώπων
472 538 775 592 στρεφόμεσθα
804 537 950 589 πόλεις
977 536 1320 587 εὐναιεταώσας·

191 598 234 640 οἱ
265 594 306 638 6'
338 595 405 638 ἐπὶ
436 595 489 652 δή
522 598 765 645 πείσονται,
798 597 885 639 ἐπεὶ
916 597 988 638 καὶ
1020 593 1232 650 ἐτήτυμόν
1261 595 1390 639 ἐστιν.

255 648 311 695 ’,Ω
341 652 451 703 ἄνα,
482 653 554 695 καὶ
583 654 764 707 Λυκίην,
794 652 867 695 καὶ
898 654 1110 720 Μῃονίην
1132 651 1409 719 ἐρατεινὴν,·-

185 709 259 752 καὶ
282 712 490 781 Μίλητον
519 709 643 764 ε’χεις,
675 709 831 752 εὐαλον
857 708 987 751 πόλιν
1018 707 1300 778 ἷμεοόεσσαν,

190 764 321 816 αὐτὸς
351 764 389 809 6'
424 768 481 809 αὐ
509 765 676 833 Δήλοιο
706 764 990 819 περικλύστης
1017 762 1115 818 μέγ’
1148 762 1374 817 ἀνάσσεις·

75 827 158 868 180
188 821 328 874 αὐτὰρ
356 821 469 893 ἐγων
500 821 555 865 ου’
583 823 696 876 λήξω
729 820 938 890 ἑκηβόλον
964 819 1212 863 Ἀπόλλωνα
1381 844 1415 880 t?

191 877 369 935 υμνέων
397 876 716 935 ἀργυρότοξον,
746 876 799 921 ὃν
825 875 1020 934 ἠΰκομος
1047 878 1142 920 τέκε
1171 876 1313 934 Λητώ.
1390 883 1411 921 ,“

25 1018 129 1062 poeta
167 1015 211 1049 de
241 1014 533 1067 hyporchemafis,
582 1024 651 1058 quo
693 1013 826 1047 nomine

25 1062 284 1114 appellabantur
318 1060 466 1094 carmina
500 1071 521 1093 a
558 1061 662 1093 choro
698 1060 826 1093 circum

25 1118 114 1142 aram
140 1107 367 1146 consistente,
401 1111 460 1139 aut
492 1105 707 1150 tripudiante
731 1106 827 1139 simul

25 1165 99 1188 cum
142 1153 273 1187 mimica
314 1152 505 1185 imitatione
546 1163 660 1186 earum
700 1162 826 1193 rerum,

24 1211 108 1246 quas
143 1199 227 1241 deus
259 1198 408 1242 gessisse
438 1198 637 1241 dicebatur,
670 1199 828 1232 recitata.

26 1247 70 1281 cf.
80 1238 215 1279 Monet.
227 1245 311 1279 Dor.
325 1246 378 1284 1.‚
403 1255 436 1288 p.
446 1245 512 1279 351
534 1255 652 1288 sequ„
676 1244 828 1279 Boeckh.

26 1291 125 1327 Pind.
150 1292 272 1332 fragm.
293 1303 326 1335 p.
352 1269 432 1332 5'97,
459 1290 598 1327 Heracl.
616 1290 746 1323 Pontio.
772 1303 828 1335 ap.

25 1337 116 1372 Plut.
141 1337 184 1370 de
209 1337 346 1371 Mus.3.
392 1336 426 1370 in
451 1335 602 1370 Deliacis
625 1337 735 1370 sacris
758 1347 830 1371 mos

24 1384 131 1418 fuisse
153 1382 310 1424 videtur,
337 1386 375 1416 ut
398 1383 542 1423 chorus,
576 1394 649 1416 cum
674 1382 831 1416 Latonae

25 1441 161 1465 errores
200 1429 369 1469 canebat,
413 1429 625 1462 diversarum
666 1429 830 1471 gentium,

26 1475 70 1512 ad
103 1486 190 1519 quas
220 1474 279 1508 illa
319 1485 512 1518 praegnans
551 1474 720 1515 venisset,
756 1474 831 1507 dia-

25 1521 133 1557 lectos
158 1526 261 1564 atque
286 1521 363 1561 alia,
390 1531 477 1564 quae
499 1519 543 1552 iis
562 1520 751 1562 peculiaria
775 1531 830 1554 es-

25 1572 121 1610 sent,
146 1566 284 1613 proprio
308 1578 436 1610 genere
458 1565 654 1600 saltationis
679 1566 828 1601 imitare-

168 1613 212 1647 cs.
237 1613 378 1647 Hasel.
403 1624 432 1646 c.
461 1611 506 1645 ad
532 1613 610 1648 147.

27 1617 195 1696 ω165-
210 1660 288 1693 168.

27 1706 153 1750 odyss.
192 1703 245 1748 φ’,
287 1705 367 1740 365.
401 1723 447 1729 -
497 1706 834 1746 ταλαπείριος,

27 1754 159 1787 audens
177 1755 298 1794 facere
328 1752 476 1791 itinera,
508 1750 667 1783 itinerum
699 1751 835 1784 studio-

17 1810 105 1888 Pis,
131 1809 238 1842 germ.
255 1797 465 1842 reisclustig.
496 1807 530 1830 v.
553 1807 630 1830 ann.
646 1796 691 1830 ad
707 1797 836 1842 Odyss.

57 1869 69 1887 ,
95 1846 174 1880 193.

75 1892 154 1931 172,
179 1891 236 1924 73.
283 1899 325 1922 ex
359 1887 456 1921 hisce
479 1886 564 1921 nihil
588 1887 679 1921 aliud
703 1887 836 1921 efficias

28 1947 128 1990 quam
152 1935 274 1969 Chium
309 1933 418 1967 fuisse
448 1941 623 1968 auctorem
648 1934 746 1987 hujus
772 1933 837 1977 hy-

27 1981 108 2017 mni.
144 1981 242 2015 abusi
267 1986 380 2014 tamen
406 1981 448 2013 iis
475 1987 553 2014 sunt
580 1982 623 2012 ad
657 1980 838 2023 assignan-

0 2038 3 2040 '
31 2027 108 2062 dum
153 2027 302 2060 Homero
346 2026 490 2070 patriam
533 2026 644 2059 Chion
681 2027 768 2059 insu
761 2026 836 2067 ¹311),

33 2072 131 2120 quasi
154 2079 284 2107 certum
308 2071 376 2113 sit,
402 2072 544 2105 Homeri
568 2073 634 2105 lioc
660 2084 734 2106 esse
759 2083 836 2106 car-

31 2123 118 2155 iten-
143 2130 176 2153 v.
201 2130 278 2155 ann.
300 2120 336 2153 2.
361 2117 404 2151 ad
429 2117 571 2152 Homeri
593 2118 719 2160 vitam,
754 2130 836 2163 pag.

32 2167 66 2201 1.
79 2184 133 2191 --—
167 2165 252 2200 τοῦ
274 2184 320 2190 -
345 2162 530 2199 ἀοιδαί.
566 2164 652 2198 male
692 2165 837 2208 Bergle-

32 2222 113 2253 ῐιιε,
144 2211 310 2258 permixto
337 2215 492 2264 tempore
517 2217 700 2264 praesente
725 2217 760 2244 et
784 2211 838 2244 fu-

33 2261 131 2292 tux-0¹:
160 2259 254 2301 cujus
277 2268 390 2290 omnes
414 2258 450 2290 in
483 2258 595 2300 pretio
604 2263 737 2309 'poste-a
760 2262 837 2291 sunt

32 2305 214 2338 cantiones.
239 2309 340 2337 caute
372 2303 514 2336 Matthe
557 2304 651 2345 cnjus
680 2303 839 2336 carmina

36 2351 154 2385 omnia
172 2350 208 2383 in
224 2354 396 2404 posterum
414 2350 564 2382 maximo
584 2349 708 2382 honore
727 2356 838 2391 erunt,

35 2395 133 2440 quasi
159 2395 331 2439 legeretur
348 2392 638 2438 αριστεύσουσιν.
665 2395 838 2430 enimvero

36 2441 72 2476 id
96 2452 233 2486 quoque
254 2441 402 2485 ineptum
427 2450 496 2475 est.
524 2452 598 2476 nam
623 2441 650 2474 si
677 2447 756 2486 post
779 2441 840 2474 de-

35 2498 123 2522 mum
147 2486 238 2519 clara
261 2492 359 2520 erunt
382 2488 468 2521 haec
498 2487 668 2529 canmina,
702 2487 760 2530 qui
785 2487 838 2528 fit,

38 2537 77 2567 ut
106 2534 174 2577 jam
209 2543 296 2565 nunc
329 2534 462 2576 puellae
501 2532 662 2567 Deliacae
696 2533 839 2566 maxime

35 2578 104 2639 11115
120 2576 286 2613 delectari
301 2577 482 2614 dicantur?
503 2578 587 2625 quid
604 2579 735 2614 multa.
720 2579 739 2603 ‘²
763 2591 840 2614 cor-

86 2990 224 3029 Honssn.
254 2995 312 3030 On
318 3006 386 3032 sss.
411 2995 475 3031 111.

345 1658 356 1692 ἱ
368 1661 385 1692 λ
396 1657 420 1703 η’
429 1672 450 1693 κ
461 1671 480 1694 ο
492 1671 505 1692 ι
517 1682 528 1699 ,
567 1659 735 1701 propitius
775 1659 832 1692 sit.
839 1675 844 1680 ·

870 1016 1009 1057 ruptum
1034 1016 1089 1047 est
1117 1011 1364 1056 μετόπισθεν,
1400 1024 1464 1057 pro
1488 1024 1599 1058 eoque
1622 1023 1678 1047 re-

872 1059 1062 1104 ponendum
1085 1058 1326 1103 μερόπεσσιν,
1351 1059 1560 1092 hominibus.
1587 1059 1679 1102 apud

872 1106 1034 1139 homines.
1082 1106 1204 1140 similia
1235 1112 1314 1139 sunt
1339 1107 1687 1141 MEPOHECCJN

873 1157 908 1186 et
936 1153 1301 1194 METOHIC&EN‚
1341 1163 1404 1185 nec
1436 1163 1571 1192 rarum,
1610 1163 1626 1186 ε
1645 1155 1683 1184 et

873 1212 887 1233 ι
911 1197 1045 1232 litteras
1071 1199 1246 1240 confundi,
1268 1199 1419 1243 itemque
1447 1212 1467 1243 ρ
1493 1205 1529 1231 et
1552 1211 1584 1234 τ.
1610 1198 1684 1231 vel-

873 1248 913 1278 ut
945 1245 1036 1289 apud
1071 1246 1214 1280 Aristot.
1249 1245 1271 1277 l.
1297 1256 1328 1278 c.
1362 1255 1439 1278 ann.
1474 1244 1517 1277 ad
1552 1243 1681 1287 Odyss.

876 1290 918 1333 ζ’,
951 1292 1009 1326 53.
1067 1292 1100 1327 Θ
1141 1291 1274 1336 quidem
1306 1295 1343 1324 et
1370 1290 1420 1325 β’
1441 1289 1685 1334 permixtorum

875 1337 1061 1382 exemplum
1103 1349 1170 1372 nou
1213 1337 1323 1371 habeo
1357 1336 1392 1369 in
1427 1341 1585 1379 promtu,
1624 1334 1686 1369 sed

875 1395 986 1427 neque
1018 1394 1058 1416 eo
1089 1394 1176 1427 opus
1210 1390 1287 1421 est,
1319 1382 1510 1424 siquidem
1542 1393 1585 1415 ex
1619 1392 1686 1425 quo

876 1430 977 1462 semel
992 1428 1158 1471 scriptum
1180 1427 1687 1466 fuitMETOHICCJN,ve1-

877 1480 917 1508 ut
941 1475 1105 1518 compulsi
1131 1481 1209 1509 sunt
1243 1473 1394 1507 librarii.-
1393 1475 1446 1507 ad
1470 1473 1685 1507 inferendum

876 1520 1122 1575 μετόπισθεν,
1157 1520 1314 1576 quamvis
1347 1519 1521 1555 insulsum.
1563 1539 1608 1544 —
1643 1517 1688 1553 οἷ-

879 1565 1189 1611 ριστεύουσιν
1215 1564 1413 1610 ἀοιδαὶ,
1436 1567 1578 1599 vincunt
1601 1577 1688 1598 can-

877 1616 1008 1654 tiones,
1031 1620 1069 1647 ut
1092 1613 1282 1670 Aeschylus
1305 1613 1418 1645 Prom.
1444 1612 1542 1646 866·
1568 1609 1618 1652 ὡς
1640 1610 1683 1647 td

877 1660 1057 1704 κηδεῦσαι
1092 1655 1188 1695 καθ’
1230 1656 1365 1694 ἑαυτὸν
1400 1655 1585 1704 ἀριστεύει
1619 1670 1690 1702 μοι·

878 1707 952 1752 κρῷ
976 1712 1044 1740 etc.

929 1775 1005 1809 176.
1052 1771 1130 1809 ἐπὶ
1162 1773 1216 1819 δὴ
1249 1775 1518 1809 πείσονται.
1572 1772 1690 1806 tmesis

880 1833 968 1878 pro
978 1789 1230 1855 ἐπιπείσονται
1259 1819 1324 1876 δή.
1367 1817 1483 1861 11.α,
1515 1820 1582 1853 218
1621 1823 1690 1854 etc.

880 1886 926 1892 -—
934 1865 1213 1911 ἐτήτυμον,
1238 1880 1279 1903 το
1304 1863 1480 1911 ὑμέτερον
1504 1864 1622 1906 κλέος.

929 1936 1139 1971 177-181-
1198 1936 1353 1970 clausula
1389 1932 1578 1977 rhapsodi,
1623 1944 1692 1977 qua

882 1993 919 2016 se
959 1981 1092 2015 auctori
1133 1982 1292 2016 carminis
1335 1980 1490 2026 opponit..
1531 1979 1692 2021 leguntur

882 2034 995 2061 autem
1018 2028 1052 2060 in
1077 2028 1178 2062 codd.
1215 2039 1334 2062 sersus
1367 2029 1434 2063 180
1459 2030 1494 2058 et
1521 2025 1584 2061 181
1611 2034 1691 2069 post.

883 2075 968 2113 176,
994 2074 1037 2108 ab
1060 2074 1170 2118 iisque
1191 2074 1352 2113 discreti,
1377 2081 1540 2116 tanquam
1566 2070 1609 2103 ad
1634 2082 1691 2104 se-

882 2124 1040 2164 quentem
1067 2121 1223 2163 hymnum
1249 2120 1471 2166 pertinenteS,
1498 2118 1692 2158 177—179,

883 2177 970 2209 quos
997 2167 1233 2210 superioribus
1257 2164 1492 2210 adjungendos
1515 2174 1611 2205 esse,
1635 2163 1692 2197 Ιο-

883 2213 962 2245 niae
986 2218 1021 2245 et
1047 2213 1123 2245 Deli
1147 2212 1417 2246 commemoratio
1450 2210 1592 2243 indicat.
1618 2221 1690 2251 eos,

884 2259 976 2292 forte
1008 2259 1194 2302 trajectos,
1224 2257 1419 2303 reposuisse
1454 2255 1534 2290 milii
1570 2255 1692 2288 videor

884 2316 946 2338 suo
971 2304 1066 2346 loco,
1109 2310 1146 2337 ut
1171 2306 1235 2337 hoc
1260 2305 1353 2338 dicat
1379 2302 1591 2346 rnapsodus‚
1620 2313 1690 2334 ma-

883 2350 1040 2394 gnificam
1067 2350 1223 2384 carminis
1254 2348 1428 2384 materiam
1455 2359 1530 2382 esse
1554 2346 1691 2401 praesi—

884 2398 959 2430 dem
984 2396 1136 2440 Lyciae,
1168 2396 1369 2436 Maeoniae,
1404 2393 1535 2434 Mileti,
1570 2398 1607 2426 et
1638 2394 1691 2425 in-

884 2443 1004 2487 primis
1024 2441 1136 2475 'Deli-
1177 2441 1296 2486 itaque
1339 2452 1379 2475 se
1417 2451 1586 2484 nunquam
1624 2450 1691 2471 non
1738 2474 1740 2476 v

884 2488 1161 2533 praedicaturum
1191 2499 1267 2522 esse
1300 2486 1510 2532 Apollinem,
1546 2485 1580 2518 in
1604 2484 1691 2517 Delo

884 2543 1009 2567 natum.
1056 2545 1088 2568 v.
1119 2533 1246 2568 similes
1286 2531 1457 2568 clausulas
1491 2531 1690 2575 hymnorum

881 2580 1032 2616 5..et9

1315 2986 1372 3026 18
