1821 3288
99 124 184 166 252

470 117 1358 168 BATPAXOMYOMAXIA.

271 233 332 289 ἢν
359 232 464 278 νέον
495 233 543 278 ἐν
573 233 786 279 δέλτοισιν
816 233 934 287 ἐμοῖς
964 231 1034 275 ἐπὶ
1062 231 1265 305 γούνασι
1273 234 1406 289 θῆκα,

271 292 404 343 δῆριν
434 289 706 347 ἀπειρεσίην,
737 290 1066 343 πολεμόκλονον
1098 289 1227 343 ἔργον
1244 288 1420 343 ”Αρηος,

215 348 242 391 5
272 347 505 404 εὐχόμενος
531 349 793 402 μερόπεσσιν
827 348 869 397 Ξς
907 345 1044 388 οὔατα
1073 351 1180 389 πᾶσι
1209 347 1433 400 βαλέσθαι,

272 408 366 455 πῶς
394 405 501 459 μύες
529 405 576 448 ἐν
606 404 888 468 βατράχοισιν
918 402 1249 455 ἀριστεύσαντες
1282 402 1454 456 ἔβησαν,

275 462 504 530 Γηγενέων
533 460 714 511 ἀνδρῶν
745 458 1006 515 μιμούμενοι
1035 459 1139 512 ἔργα
1169 457 1409 530 Γιγάντων,

272 515 335 568 ὥς
363 518 493 571 λόγος
523 518 570 560 ἐν
599 521 830 572 θνητοῖσιν
860 516 954 570 ἔην·
993 518 1116 570 τοίην
1146 514 1180 557 δ’
1214 515 1304 568 Ξχεν
1327 512 1484 582 αρχήν.

356 578 462 625 Μῦς
490 573 594 617 ποτὲ
625 573 855 625 διψαλέος,
884 572 1039 628 γαλέης
1068 572 1281 614 κίνδυνον
1310 569 1485 624 ἀλύξας,

186 634 240 673 10
272 628 458 686 πλησίον
488 630 534 673 ἐν
556 632 694 698 λίμνῃ
727 628 895 673 ἁπαλὸν
925 627 1171 682 προσέθηκε
1202 627 1386 683 γένειον,

272 687 404 730 ’ὕδατι
433 685 698 757 τερπόμενος
727 686 944 742 μελιηδέϊ·

984 684 1062 727 τὸν
1093 684 1138 726 o}
1168 685 1335 726 κατεῖδε

273 744 538 800 λιμνοχαρης
567 744 843 804 πολύφημος,
876 743 977 792 ἔπος
1006 739 1040 784 τ’
1069 738 1202 794 Ξφατ’,
1233 740 1279 783 ἐκ
1313 738 1346 782 τ’
1373 737 1580 809 ὀνόμαζε·

351 801 515 853 ,.Ξεῖνε,
539 802 602 851 τίς
633 805 693 853 εί,-
724 801 864 843 πόθεν
894 795 1024 855 ἦλθες
1054 797 1114 840 ἐπ’
1140 796 1277 854 η’όνα,
1305 797 1369 846 τίς
1399 794 1445 839 δέ
1475 795 1511 841 σ’
1543 796 1567 842 ὁ
1598 795 1764 854 φύσας,

270 856 417 899 πάντα
448 856 485 900 «δ’
517 854 785 913 ἅληθευσον,
826 855 883 911 μὴ
906 833 1192 908 ψευδόμενόν
1222 866 1268 896 σε
1298 852 1458 907 νοησω.

188 913 240 958 15
271 915 309 956 εἰ
337 914 421 968 γάρ
453 925 499 957 σε
527 916 683 969 γνοίην
713 916 846 969 φίλον
876 912 1024 964 ἄξιον,
1056 927 1098 961 ες
1130 909 1267 981 δόμον
1299 908 1404 964 ἄξω,

273 972 397 1026 δῶρα
428 971 475 1015 δέ
504 988 574 1016 τοι
604 971 731 1016 δώσω
769 970 932 1028 ξεινήια
962 969 1102 1013 πολλὰ
1130 968 1204 1012 καὶ
1234 966 1387 1012 ἐσθλά.

96 1139 201 1175 scribi
222 1124 342 1185 jussit,
367 1140 592 1186 Ernestiique
609 1151 725 1175 rursus
748 1139 801 1173 Jo.
819 1139 912 1173 Ada-

96 1198 169 1220 mus
204 1188 329 1221 Schier
365 1189 506 1233 Lipsiae
544 1190 642 1223 1755.
660 1201 670 1229 3
711 1197 798 1230 quas
832 1186 912 1220 edd.

94 1239 237 1267 secutae
254 1239 335 1267 sunt
351 1235 452 1275 aliae,
477 1235 510 1266 in
537 1245 569 1277 q:
564 1234 662 1266 iibus
680 1233 789 1266 Alteri
807 1232 912 1263 Vien-

95 1290 162 1313 nae
205 1279 501 1324 1794.,11gen3i
542 1279 641 1312 Halis
688 1278 912 1317 Sax.1796.,

95 1325 281 1359 Matthiaei
309 1325 403 1371 Lips.
434 1327 533 1360 1805.
559 1336 731 1363 excusae,
756 1323 912 1356 tandem-

95 1382 165 1415 que
190 1372 464 1415 W01ffi‚cujus
503 1373 580 1416 ipse
616 1370 727 1416 pressi
750 1369 912 1414 vestigia,

95 1417 158 1451 sed
183 1416 258 1458 ita,
284 1425 324 1451 ut
347 1420 464 1459 soleo,
491 1418 523 1450 h.
553 1430 584 1450 e.
609 1428 652 1450 ea
675 1417 772 1460 lege,
808 1425 846 1448 ut.
869 1427 912 1448 ne

94 1463 177 1496 talis
210 1465 348 1508 quidem
374 1464 528 1507 magistri
553 1464 585 1496 in
622 1462 729 1495 verba
749 1463 911 1504 jurarem.

93 1508 240 1554 Jamque
278 1522 344 1553 age
388 1510 431 1542 ad
466 1510 558 1553 ipsos
592 1508 691 1541 Caris
729 1507 821 1540 illius
856 1506 913 1539 vel

93 1555 323 1589 Alexandrini
344 1556 442 1599 jocos
460 1554 681 1598 explicandos
699 1564 804 1597 perpu
810 1563 913 1595 rgan—

94 1601 230 1646 dosque
254 1606 476 1635 accedamus.
501 1612 611 1644 neque
628 1600 715 1632 enim
733 1604 835 1630 vacat
858 1609 914 1630 re-

92 1648 189 1681 ferre
223 1648 344 1681 doctas
378 1659 487 1691 nugas
522 1644 711 1679 Hermanni
746 1655 814 1677 von
851 1644 913 1676 der

93 1694 232 1735 Hardt,
257 1695 318 1738 qui
344 1704 516 1733 ranarum,
541 1691 679 1725 murium
704 1694 740 1724 et
764 1700 911 1722 cancro-

94 1751 168 1775 rum
202 1751 259 1773 res
293 1744 410 1783 gestas
450 1739 495 1772 ad
534 1737 709 1770 historiam
750 1746 911 1779 graecam

94 1786 275 1820 revocavit
299 1786 388 1818 libro
418 1784 620 1830 paginarum
645 1782 744 1822 effi,
779 1781 836 1825 qui
860 1781 911 1814 sic

93 1831 284 1876 inscriptus
317 1837 397 1865 est.
443 1830 634 1864 jubilaeum
675 1829 847 1860 Graeciae
879 1838 910 1859 a.

92 1877 349 1913 MDCCXVII.
385 1876 587 1910 nitidissimo
621 1873 912 1916 mellitissimoque

93 1924 239 1959 Homeri
262 1924 414 1957 carmine
440 1925 819 1966 Βατραχομνομαχιςι,
854 1930 912 1951 ra-

93 1982 244 2011 narum,
287 1970 427 2003 murium
470 1976 505 2002 et
544 1978 742 2001 cancrorum
781 1976 910 2010 pugna,

93 2011 360 2051 Trachiniorum
377 2041 387 2057 ‚
423 2015 659 2068 Myonensium
699 2019 735 2045 et
757 2013 912 2046 Acarna-

94 2074 193 2103 num,
218 2073 420 2106 graecarum
447 2060 624 2105 gentium,
646 2059 760 2099 bello,
790 2063 911 2091 curate

94 2108 282 2148 illustrato,
307 2108 440 2152 argutis
449 2109 598 2160 poetae
612 2084 734 2149 iiguris
759 2109 795 2137 et
817 2115 910 2147 sym.-

95 2155 219 2189 bolicis
243 2159 349 2198 atque
382 2152 620 2197 aenigmaticis
652 2140 910 2184 characteribus

97 2212 139 2234 ex
163 2199 400 2245 geographiae
417 2204 452 2232 ct
469 2199 633 2232 historiae
649 2197 779 2230 veteris
805 2195 908 2228 fundo

96 2247 245 2281 detectis
272 2253 306 2279 et
330 2245 500 2285 enodatim
523 2244 557 2278 in
585 2240 745 2278 honorem
766 2240 908 2282 Thesei,

97 2295 307 2328 Athenarum
339 2291 548 2332 conditoris,
583 2291 626 2324 ab
659 2289 808 2322 Homero
832 2287 907 2319 lau-

96 2338 170 2372 dati
196 2345 263 2371 etc.
299 2337 412 2372 notior
437 2343 490 2370 est
512 2348 612 2381 quam
638 2335 681 2368 de
706 2346 773 2378 qua
797 2333 908 2377 pluri-

96 2386 161 2418 bus
186 2384 297 2418 dicam
321 2383 517 2427 germanica
537 2383 635 2426 hujus
650 2379 809 2414 carminis
832 2378 909 2411 imi-

97 2429 184 2464 tatio
208 2431 272 2464 der
295 2431 575 2464 Froschmmzsler
591 2454 600 2470 ,
634 2438 738 2471 quarn
769 2424 910 2469 scripsit

97 2476 415 2520 Rollenbagenius,
450 2482 566 2510 rector
589 2472 738 2506 Scholae
761 2470 910 2513 Magde-

96 2522 299 2566 burgensis,
324 2522 382 2568 qui
406 2521 494 2555 diem
518 2521 603 2554 obiit
628 2520 728 2553 1609.
765 2519 910 2551 sazem-

95 2569 331 2613 μνομαχίαν,
353 2568 471 2602 similis
494 2565 684 2612 argumenti
705 2564 906 2608 tragicoco-

96 2616 288 2653 moediam,
311 2626 333 2648 a
357 2614 543 2648 'Iheodoro
569 2611 777 2646 Prodromo.
810 2610 906 2642 Neo-

96 2672 240 2706 graeco,
265 2660 432 2701 senariis,
465 2670 549 2704 quos
573 2661 719 2697 vocant,
728 2646 904 2699 politicis,

96 2717 239 2740 numero
263 2706 356 2748 382,
380 2706 619 2749 conscriptam,
645 2709 681 2735 et.
703 2702 810 2747 ipsius
834 2701 904 2734 Ba·

95 2753 449 2796 trachomyomachiae
485 2743 718 2788 metaphrasin
758 2759 904 2790 graeco·

95 2799 276 2832 barbaram
311 2797 475 2832 Demetrii
508 2797 612 2838 zeni,
648 2793 806 2827 versibus
835 2793 905 2828 468

95 2849 333 2898 constantem,
358 2855 426 2877 una
450 2854 522 2877 cum
548 2842 625 2881 his,
660 2840 804 2873 Homeri
828 2838 906 2872 olim

95 2889 226 2923 nomine
261 2888 458 2933 inscriptis,
496 2867 701 2922 carminibus
738 2886 835 2919 brevi
826 2885 908 2918 ori-

94 2936 158 2969 bus
180 2935 395 2980 recudijuss²¹
400 2940 414 2969 t
436 2936 546 2980 Ilgen.
566 2953 610 2959 —
629 2931 760 2966 numeri
783 2930 909 2974 adjecti

94 2981 321 3016 vastantibus.
361 2981 526 3027 scripturi
529 2992 545 3013 s
587 2979 769 3023 designant
810 2975 911 3013 codd.

956 1139 1255 1180 Vindobonenses‚
1291 1147 1377 1184 quos
1409 1137 1547 1171 Alteras
1574 1132 1771 1179 usurpavit.

956 1186 1111 1219 —Vers.
1138 1180 1771 1226 1—12.·n9051m9.289.vu1go.

957 1234 1117 1273 πρῦτον.
1145 1251 1188 1256 -—
1213 1227 1267 1274 ἢν
1292 1227 1540 1285 νέον-θῆ
1552 1240 1617 1261 κα.
1651 1225 1770 1260 Schol.

959 1284 1059 1310 zetus
1083 1277 1174 1322 apud
1202 1276 1362 1320 Lycium.
1390 1272 1434 1319 η“ν
1458 1274 1496 1310 ἐν
1521 1278 1603 1314 ταῖς
1627 1273 1770 1331 βίβλοις

958 1321 1153 1368 ἐγγράφων
1178 1336 1239 1358 και
1255 1322 1457 1380 χαράττων
1481 1318 1654 1364 δηλονότι
1677 1318 1769 1363 ἔθη-

958 1384 1006 1404 κα
1046 1369 1086 1405 ἐν
1129 1373 1209 1410 τοῖς
1247 1367 1350 1411 ἐμοῖς
1388 1367 1532 1411 γόνασι.
1589 1367 1645 1400 Ex
1682 1366 1767 1399 Em
1820 1367 1821 1373 ¹

958 1416 1134 1450 Boisson.:
1169 1416 1360 1458 „Veterum
1378 1417 1592 1448 Graecorum
1616 1412 1683 1447 fuit
1710 1411 1769 1445 ille

957 1473 1042 1502 mos,
1068 1469 1105 1494 ut
1130 1473 1234 1506 super
1250 1473 1361 1503 genua
1382 1461 1584 1494 scriberent.
1614 1457 1769 1493 Pseudo-

958 1508 1195 1552 Hippocrates
1224 1508 1335 1550 Epist.
1362 1508 1409 1547 8.
1438 1518 1526 1550 quae
1550 1510 1605 1539 est
1627 1505 1672 1538 ad
1697 1504 1769 1537 Da-

959 1560 1150 1597 magetum,
1168 1565 1219 1609 p.
1247 1555 1302 1587 27.
1340 1552 1576 1592 Lubinianae,
1610 1551 1654 1584 de
1696 1549 1769 1582 De-

960 1599 1124 1632 mocrito:
1158 1595 1177 1634 ὁ
1204 1596 1237 1633 ὁ’
1266 1597 1358 1641 εἶχεν
1382 1599 1420 1633 ἐν
1446 1596 1621 1644 εὖκοσμίῃ
1653 1597 1770 1652 πολλῇ

958 1643 1017 1679 ἐπι
1052 1649 1134 1678 τοῖν
1175 1657 1349 1687 γονατοιν
1391 1646 1535 1690 βᾞβλιον
1569 1667 1613 1678 ...
1637 1667 1645 1675 -
1670 1638 1690 1677 ὃ
1726 1642 1793 1678 δὲ’

959 1702 1021 1725 ote
1031 1703 1098 1734 μεν
1117 1688 1304 1730 συντόνως
1320 1689 1475 1731 Ξγραψεν
1496 1689 1768 1733 ἐγκείμενος-.

958 1748 1021 1770 nec
1053 1737 1155 1770 aliter
1188 1736 1290 1770 hodie
1323 1737 1462 1770 Tuscae
1484 1736 1618 1769 librarii
1651 1745 1688 1768 ae
1722 1734 1768 1768 ad

957 1783 1175 1816 scribendum
1202 1789 1425 1826 componunt,
1457 1787 1547 1816 teste
1571 1780 1767 1815 castellano

958 1829 1071 1873 Epist.
1099 1829 1141 1861 de
1167 1830 1307 1863 Moraea
1331 1830 1382 1867 2..
1407 1840 1441 1873 p.
1461 1829 1538 1863 139.
1563 1827 1608 1861 cf.
1633 1827 1767 1870 Vigno-

957 1874 994 1908 lii
1021 1875 1241 1918 Misc.t.1.‚
1268 1886 1302 1919 p.
1327 1854 1419 1909 20⁹9:
1410 1877 1434 1893 ‘⁶
1457 1893 1503 1899 —-
1526 1872 1573 1908 ἐν
1606 1893 1640 1900 -
1666 1871 1768 1919 ἔβη-

958 1932 1057 1955 σαν
1105 1921 1246 1961 tmesis,
1272 1918 1459 1962 ἐνέβησαν,
1497 1920 1766 1954 insultaverunt.

958 1967 1147 2010 Aeschylus
1185 1967 1280 2000 Pers.
1315 1966 1415 2001 844..
1454 1963 1505 2006 ὠς
1536 1964 1768 2010 ωμοφρόνως

956 2014 1102 2056 δαίμων
1136 2012 1241 2057 ἐνέβη
1272 2014 1427 2055 Περσῶν
1457 2014 1575 2057 γενεᾷ.
1607 2032 1652 2038 -
1682 2025 1767 2057 γα-

955 2058 1070 2103 λέης
1103 2060 1355 2093 κίνδυνον.
1393 2060 1426 2093 h.
1453 2072 1482 2092 e.
1524 2057 1562 2093 ἐκ
1596 2058 1653 2092 vel
1685 2057 1764 2094 ἀπὸ

956 2109 1034 2148 γαλ.
1062 2106 1248 2138 Barnesius
1276 2105 1317 2138 ad
1336 2106 1392 2139 51.
1417 2105 1546 2138 frustra
1572 2105 1766 2149 obloquitur

954 2151 1138 2186 Perizonio
1173 2151 1215 2184 ad
1250 2150 1381 2183 Aeliani
1416 2151 1497 2184 Var.
1523 2151 1613 2184 Hist.
1641 2150 1697 2192 14,
1728 2150 1766 2185 4.

955 2199 1135 2231 mustelam
1158 2197 1376 2240 intelligenti,
1397 2207 1461 2229 non
1480 2198 1598 2239 selem.
1617 2196 1650 2229 in
1668 2196 1766 2240 agris

954 2255 1065 2278 mures
1096 2254 1162 2276 non
1196 2245 1315 2276 timent
1351 2242 1460 2283 feles,
1499 2243 1560 2276 sed
1590 2244 1765 2276 mustelas.

953 2290 1004 2324 sic
1028 2289 1159 2333 pridem
1183 2300 1351 2334 accepere
1367 2288 1546 2322 Thilonius
1571 2287 1765 2330 cunradus,

954 2338 1056 2388 poeta
1080 2336 1272 2376 laureatus,
1307 2335 1360 2367 ed.
1385 2335 1465 2368 anni
1491 2336 1602 2376 1515,
1635 2340 1670 2368 et
1695 2335 1766 2379 Ly-

954 2382 1050 2422 cius,
1089 2392 1258 2424 quemque
1293 2381 1347 2414 bic
1385 2386 1558 2414 auctorem
1592 2360 1765 2422 laudavit,

955 2427 1050 2462 Niol.
1074 2427 1264 2460 perrottus.
1290 2427 1345 2460 Ex
1371 2427 1454 2459 E-rn
1472 2447 1518 2452 —
1541 2430 1764 2470 λιμνοχα-

956 2472 1042 2516 ρὴς
1064 2475 1164 2507 πολ,
1196 2473 1228 2505 h.
1258 2485 1287 2505 e.
1322 2483 1406 2505 rana
1431 2472 1615 2517 quaedam.
1649 2484 1764 2518 neque

956 2520 1044 2553 enim
1068 2529 1187 2553 nomen
1212 2518 1285 2562 ejus
1301 2518 1473 2563 proprium
1492 2525 1545 2552 est
1560 2518 1766 2552 Limnoclia·

956 2577 1033 2606 res,
1057 2565 1118 2599 sed
1143 2565 1411 2608 Physignatlms.
1459 2565 1533 2597 Ald.
1554 2566 1616 2600 3.

955 2624 1078 2654 χαρις,
1112 2612 1202 2667 quod
1239 2611 1438 2665 improbans
1477 2618 1590 2644 tamen
1624 2609 1767 2644 retinuit
1816 2647 1821 2655 Ι

955 2658 1038 2691 Ern.
1051 2675 1097 2682 --
1120 2656 1230 2696 ἔπος
1253 2676 1296 2680 -
1320 2654 1536 2698 ὀνόμαζε.
1583 2657 1634 2690 ita
1664 2655 1767 2690 codd.

956 2703 1102 2736 Vindob.
1121 2702 1202 2742 241,
1237 2702 1336 2745 lycii
1361 2709 1396 2735 et
1420 2702 1514 2746 Lips
1509 2727 1532 2744 ,
1555 2713 1642 2746 quos
1664 2707 1765 2736 recte
1815 2737 1817 2739 ,

955 2757 1093 2783 secutus
1125 2754 1179 2781 est
1213 2748 1308 2781 [trid.
1348 2748 1487 2781 Pranke
1522 2748 1576 2782 ed.
1602 2749 1765 2782 Teubne-

955 2795 1051 2829 riana
1076 2807 1108 2828 a.
1132 2795 1258 2834 1898..
1300 2794 1415 2827 mirum
1450 2805 1525 2828 esse
1558 2793 1697 2834 dicem,
1731 2793 1765 2827 si

956 2844 1080 2885 poeta,
1105 2840 1310 2873 Homericae
1334 2840 1494 2872 dictionis
1518 2840 1680 2880 imitator,
1697 2840 1765 2873 tri-

955 2887 1117 2921 tissimam
1157 2886 1298 2919 Homeri
1342 2885 1543 2919 locutionem
1581 2885 1765 2931 spreverit.

955 2933 1071 2976 vulgo:
1091 2929 1226 2971 Ξποςὸ’
1244 2932 1340 2975 ἐφθε
1335 2931 1453 2974 ἰξατο
1469 2934 1587 2972 τοῖον,
1609 2943 1697 2976 quae
1711 2935 1766 2966 est

958 2977 1203 3023 interpretatio
1229 2978 1397 3013 formulae
1415 2975 1505 3012 illius
1525 2978 1741 3013 Homericae.

1639 2563 1767 2602 λιμνό·
1815 2571 1821 2581 ”’
