1821 3288
150 124 234 164 838

532 119 571 163 5
628 120 799 163 ΕΙΣ
851 92 1420 163 ΛΗιῖιΗ-ΤΡΑΝ

322 230 520 274 ἄκουσαν
548 229 594 274 δὲ
624 231 697 287 βίῃ
727 245 778 299 με
806 227 1135 285 προσηνάγκαζε
1162 225 1426 275 πάσασθαι.
1432 245 1434 247 ’
1558 241 1582 253 ”
1620 243 1627 255 ’

321 304 381 337 ως
414 286 459 330 δέ
489 285 538 342 μ’
571 286 818 355 ἀναρπάξας
847 288 1071 339 Κρονίδεω
1100 287 1288 355 πυκιιὴν
1317 290 1390 332 δια
1417 283 1568 344 μῆτιν
1627 317 1629 319 -
1676 344 1679 345 ⁷

320 343 475 414 ᾤχετο,
509 343 674 397 πατρὸς
703 343 848 397 ἐμοῖο,
880 342 1028 396 φέρων
1057 341 1143 385 ὑπὸ
1173 344 1334 387 κεύθεα
1362 347 1509 401 γαίης,
1615 357 1620 360 ”

207 402 289 445 415
319 400 487 453 ἐξερέω,
518 400 591 442 καὶ
621 398 762 441 πάντα
793 400 1009 470 διίξομαι,
1035 416 1094 450 ως
1128 399 1338 468 ἐρεείνεις.

317 455 442 512 ἡμεῖς
471 472 550 510 μεν
578 455 692 510 μάλα
722 459 859 498 πᾶσαι
889 454 963 497 ἀν’
994 457 1168 510 ἷιιερτὸν
1198 461 1413 511 λειμῶνα,

317 514 565 565 Λευκίππη,
602 511 755 554 Φαινώ
785 527 850 565 τε,
880 512 953 554 καὶ
980 509 1210 568 Ἠλέκτρη,
1239 514 1311 560 καὶ
1338 512 1508 571 Ἰάνθη,

317 570 390 612 καὶ
421 569 606 635 Μελίτη,
634 567 745 623 Ἰάχη
774 585 842 619 τε,
867 566 1035 612 Ῥοδεία
1063 585 1106 611 τε
1137 568 1360 625 Καλλιρόη
1392 585 1459 622 τε,

318 623 582 695 Μηλόβοσίς
599 640 667 668 τε
707 623 825 680 Τύχη
853 641 920 677 τε,
951 626 1023 668 καὶ
1050 623 1249 699 Ὠκυρόη
1279 630 1554 681 καλυκῶπις,

203 684 286 727 420
316 682 512 735 Χρυσηίς
542 679 597 731 τ’,
626 679 808 735 Ἰάνειρά
839 680 895 733 τ’,
922 679 1105 738 Ἀκάστη
1132 682 1188 734 τ’,
1211 682 1400 739 Ἀδμήτη
1430 698 1493 734 τε,

316 738 388 781 καὶ
413 736 621 806 Ῥοδόπη,
652 737 840 781 Πλουτώ
871 754 934 791 τε,
964 739 1037 782 καὶ
1068 715 1298 808 ἱμερόεσσα
1329 738 1552 794 Καλυψώ,

317 794 392 838 καὶ
421 793 557 846 Στὺξ,
572 793 788 864 Οὐρανίη
817 810 882 846 τε,
916 794 1177 867 Γαλαξαύρη
1206 797 1243 838 τ’
1277 797 1493 852 ἐρατεινη,

319 849 513 905 [Παλλάς
541 848 584 893 τ’
615 850 847 922 ἐγρεμάχη,
878 852 952 895 καὶ
968 851 1169 908 ’Ἄρτεμις
1188 853 1392 924 ἰοχέαιρα
1405 854 1432 907 ,]

317 909 561 977 παίζομεν,
581 906 654 963 ἠδ’
684 907 822 952 ἄνθεα
853 910 1068 979 δρέπομεν
1089 908 1281 981 χείρεσσ’
1314 909 1519 982 ἐρόεντα,
1559 922 1562 926 ⁴
1587 938 1590 941 -

204 965 286 1009 425
316 966 448 1020 μίγδα
478 961 644 1018 κρόκον
673 964 715 1008 τ’
746 963 938 1021 ἀγανὸν,
971 967 1045 1009 καὶ
1075 965 1329 1022 ἀγαλλίδας,
1358 964 1429 1022 ἥδ’
1459 963 1694 1018 ὑάκινθον,
1729 999 1731 1001 f

315 1022 389 1065 καὶ
421 1021 579 1075 ῥοδέας
607 1021 827 1074 κάλυκας,
849 1023 921 1066 καὶ
953 1024 1113 1076 λείρια,
1141 1028 1296 1078 θαῦμα
1319 1025 1517 1074 ἰδέσθαι,
1627 1050 1631 1055 -

259 1077 283 1105 *
310 1077 548 1131 νάρκισσόν
575 1077 641 1131 θ’,
675 1078 726 1122 ὃν
756 1079 905 1134 ε’φυσᾎ
937 1079 1082 1134 ω’σπερ
1113 1080 1304 1134 κρόκον,
1336 1078 1482 1134 εὐρεῖα
1511 1076 1645 1134 χθών.

318 1134 457 1188 αὐτὰρ
489 1133 569 1189 ἐγώ
600 1134 823 1190 δρεπόμην
852 1137 953 1207 περὶἕ
980 1136 1186 1192 χάρματι·
1220 1142 1323 1204 γαῖα
1355 1136 1395 1179 δ’
1431 1136 1581 1189 ε’νερθε

312 1190 530 1260 χώρησεν..
561 1195 635 1245 τῆς
665 1191 708 1233 δ’
740 1191 894 1245 ἔκθορ’
925 1191 1032 1244 ἄναξ
1060 1194 1270 1248 κρατερός
1301 1192 1611 1266 Πολυδέγμων.

201 1249 284 1293 430
313 1251 373 1316 βῆ
401 1247 447 1290 δὲ
477 1246 628 1318 φέρων
655 1247 743 1290 ὑπὸ
771 1253 914 1303 γαῖαν
933 1249 978 1292 ἐν
1008 1245 1171 1321 ἅρμασι
1197 1252 1440 1320 χρυσείοισι

313 1302 441 1348 πόλλ’
473 1303 786 1359 ἀεκαζομένην·
816 1304 978 1377 ἐβόησα
1008 1304 1052 1350 δ’
1085 1305 1159 1360 ἄρ’
1193 1306 1328 1359 ὄρθια
1358 1306 1512 1374 φωνῇ

313 1357 450 1405 ταῦτά
480 1377 549 1403 τοι
578 1361 810 1430 ἀχνυμένη
828 1378 906 1415 περ
942 1361 1107 1420 ἀληθέα
1136 1362 1269 1406 πάντ’
1300 1361 1539 1431 dyopev'cof‘

380 1415 464 1467 Ὼς
493 1416 587 1460 τότε
616 1435 694 1472 μεν
724 1417 903 1471 πρόπαν
930 1421 1048 1474 ἠμαρ
1079 1419 1313 1475 ὁμόφρονα
1342 1418 1490 1475 θυμὸν
1517 1405 1695 1474 ἔχουσαι

313 1474 451 1516 πολλοὶ
480 1471 584 1528 μάλ’
617 1473 815 1529 ἀλλήλων
844 1478 1030 1531 κραδίην
1059 1478 1132 1519 καὶ
1161 1477 1310 1530 θυμὸν
1337 1478 1508 1528 ἰἀινον,

203 1530 286 1573 435
317 1528 764 1585 ἀμφαγαπαζόμειαι·
795 1530 932 1586 ἀχέων
962 1533 1005 1574 δ’
1037 1532 1283 1576 ἀπεπαύετο
1310 1531 1482 1585 θυμὸς,

314 1586 567 1658 γηθοσύνας
597 1587 641 1630 δὲ
671 1588 857 1659 δέχοντο
877 1587 981 1642 παρ’
1012 1587 1232 1646 ἀλλήλων,
1263 1589 1410 1632 ε’διδόν
1437 1603 1496 1632 τε.

313 1655 440 1699 τησιν
471 1641 511 1685 δ’
543 1642 728 1714 ἐγγύθεν
757 1642 857 1698 ἦλθ’
885 1643 1037 1700 Εκάτη
1065 1644 1542 1715 λιπαροκρήδεμνος,

313 1698 452 1742 πολλὰ
484 1698 526 1742 δ’
561 1699 615 1753 άρ
669 1698 962 1772 ἀμφαγάπησε
991 1702 1129 1757 κόρην
1156 1702 1406 1775 Δημήτερος
1436 1698 1626 1755 ἁγνήν*

264 1756 283 1775 *1

315 1756 361 1799 ἐκ
390 1757 487 1798 τοῦ·
501 1757 544 1798 οἱ
571 1756 795 1827 πρόπολος
825 1759 900 1801 καὶ
929 1756 1083 1802 ὀπάων
1113 1758 1251 1802 ἔπλετ’
1283 1758 1336 1801 ἄν
1342 1769 1466 1801 ασσα.

203 1813 286 1857 440
314 1815 391 1866 τῆς
419 1812 465 1855 δε
495 1812 587 1883 μετ’
619 1813 801 1869 ἄγγελον
828 1817 905 1884 ήκε
935 1815 1233 1887 βαρύκτυπος
1247 1813 1444 1871 εὐρύοπα
1473 1810 1614 1918 Zejv9

313 1868 453 1939 Ῥείην
480 1868 695 1925 ἠύκομον,
725 1871 957 1927 Δημήτερα
985 1872 1296 1917 κυανόπεπλον

316 1924 517 1982 ἀξέμεναι
544 1926 651 1983 μετὰ
683 1932 803 1984 φῦλα
832 1933 962 1982 θεῶν,
991 1929 1199 1977 ὑπέδεκτο
1229 1930 1276 1974 δὲ
1303 1927 1429 1985 τιμὰς

147 2049 369 2106 Cyropaedia
398 2053 439 2093 1,
462 2052 500 2094 3,
533 2052 590 2087 5.·
623 2051 686 2087 καὶ
717 2053 790 2088 τίνι
823 2053 871 2098 δὴ
905 2052 950 2089 σύ

144 2096 448 2141 τεκμαιρόμενος,
482 2092 521 2132 ω’
533 2101 616 2141 παῖ,
641 2098 769 2143 λέγεις;
808 2100 952 2134 Vossius

146 2154 281 2187 quoque
320 2143 517 2184 annotavit,
558 2146 619 2179 καὶ
658 2146 848 2189 particulae
882 2147 950 2181 vim

146 2200 234 2222 nunc
257 2189 439 2231 minorem,
463 2201 551 2223 nunc
571 2191 728 2234 majorem
751 2203 836 2225 esse.
860 2192 950 2233 ,,καὶ

145 2234 194 2267 ist
216 2235 303 2268 hau''
288 2246 333 2279 og
356 2235 436 2269 kein
469 2236 629 2270 schwach
660 2237 690 2270 bi.
682 2237 844 2272 ndendes
866 2241 949 2281 und,

145 2281 293 2314 sondern
325 2280 387 2314 das
419 2282 576 2316 starkere
611 2283 667 2316 fiir
701 2285 812 2328 daun,
848 2286 949 2326 auch,

139 2329 282 2368 seruer3
322 2325 356 2359 in
392 2328 542 2361 welcber
580 2310 812 2373 Bedeutung
818 2342 854 2364 es
893 2331 950 2365 die

146 2372 322 2416 tragische
347 2372 501 2417 Sprache
526 2374 600 2407 dem
626 2374 833 2416 Fragworte
863 2388 948 2420 gern

147 2419 343 2451 nachsetzt.
383 2419 521 2452 Porson.
547 2420 665 2465 Eurip
693 2421 821 2455 Phoen.
849 2424 948 2458 1373.

146 2463 194 2497 So
225 2464 316 2520 s'teht
347 2474 385 2497 es
415 2465 631 2508 Odyss.13,
663 2468 858 2503 232221015
863 2482 949 2515 μοι

144 2508 249 2543 τοῦτ’
276 2506 475 2553 ἀγόρευσον
495 2508 694 2554 ἐτήτυμον,
719 2511 812 2556 ὄφρ’
836 2515 875 2550 εὐ
898 2517 949 2550 εἰ-

145 2555 220 2596 δῶ,
249 2557 315 2595 Τίς
341 2556 410 2600 γῆς
435 2559 490 2597 τίς
515 2557 652 2602 δῆμος,·
681 2579 727 2585 --
749 2560 865 2594 Selbst
888 2562 949 2595 mit

145 2601 221 2634 dem
260 2602 485 2637 schwachern
519 2605 591 2636 mul
630 2605 706 2649 beg'.
712 2612 771 2640 nnt
809 2609 862 2640 oft
892 2608 947 2640 ein

145 2647 348 2703 Fragwortt
375 2648 414 2682 ΙΙ.
441 2651 484 2690 3,
508 2649 593 2684 226:
626 2652 682 2691 τίς
713 2649 751 2685 τ’
787 2648 851 2706 ᾅρ’
883 2651 947 2689 ὅδ’

145 2689 251 2733 ἄλλος
268 2692 407 2736 Ἀχαιὸς
429 2692 557 2737 ἀνήρ,·
599 2715 644 2722 -
675 2697 727 2731 sic
757 2698 859 2732 etiam
884 2712 947 2733 no-

144 2743 272 2773 strates
316 2739 432 2774 dicant
473 2739 701 2784 ἐμφατικοῖς·
736 2745 845 2785 „Uml
878 2747 946 2781 wie

144 2790 223 2827 trog
246 2796 284 2818 er
307 2785 387 2819 dich
411 2786 558 2820 denn?“
581 2768 805 2834 similiterque
830 2790 944 2826 Fran-

144 2829 287 2873 cogalli=
314 2832 390 2872 „Et
410 2837 575 2867 comment
594 2845 678 2868 vous
703 2847 750 2892 21,—
762 2840 804 2869 t-
813 2836 835 2870 il
859 2837 946 2872 donc

143 2876 337 2920 ίτοωρό2“
360 2897 403 2902 -
427 2879 506 2912 410.
532 2880 648 2915 Voss.=
682 2879 808 2917 αὐτίκ’
841 2882 945 2928 ἐγών,

143 2921 236 2966 quod
260 2933 326 2957 non
354 2922 525 2969 displicet.

188 2965 415 3004 4121111118
460 2970 611 3008 Frank..
656 2971 944 3021 προσηνάγκαζε,

996 2053 1079 2098 quia
1106 2053 1260 2089 instabat
1285 2053 1388 2089 Pluto
1421 2050 1650 2099 Proserpinae
1670 2054 1744 2110 p'e'r
1759 2060 1798 2085 a-

995 2101 1112 2147 liquod
1137 2107 1278 2146 tempus.
1301 2099 1410 2134 liber:
1431 2112 1482 2142 πρ
1503 2118 1550 2124 ——
1573 2110 1622 2134 σε.
1644 2116 1702 2124 --
1724 2095 1798 2140 ἔμ-

996 2144 1110 2192 βαλέ
1143 2144 1624 2200 μοι.1111ε11.χειρί.(18
1663 2143 1796 2178 edendo

995 2205 1104 2238 grano
1128 2193 1204 2228 mali
1229 2192 1341 2246 [11111ῐοῖ
1362 2191 1447 2226 dicit
1469 2184 1638 2237 sequentia
1657 2201 1774 2233 versu.
1792 2221 1803 2226 ,

1041 2239 1122 2274 4Ξ4.
1167 2243 1289 2273 versus
1321 2238 1440 2273 merito
1465 2238 1644 2276 damnatus
1667 2247 1688 2269 a
1711 2235 1799 2270 viris

996 2284 1117 2324 doctis.
1168 2285 1301 2319 Oceani
1331 2290 1460 2318 tantum
1492 2280 1599 2317 firme
1615 2282 1798 2321 comitatae

996 2336 1094 2364 erant
1117 2317 1355 2377 Proserpinam
1379 2330 1478 2375 (5),
1511 2339 1597 2375 quas
1620 2339 1710 2362 nunc
1733 2339 1796 2362 no-

995 2377 1100 2411 minat
1121 2380 1245 2420 poeta,
1275 2377 1330 2410 vel
1359 2375 1512 2422 quisquis
1541 2375 1598 2421 iile
1629 2380 1706 2416 est,
1736 2373 1795 2419 qui

995 2423 1057 2456 hos
1081 2434 1199 2455 versus
1223 2422 1315 2456 fecit.
1339 2432 1462 2456 vereor
1486 2418 1595 2462 enim,
1626 2432 1670 2454 ne
1692 2419 1795 2454 alieni

995 2469 1073 2503 sint.
1098 2470 1142 2504 cf.
1165 2468 1307 2502 Hesiod.
1331 2469 1465 2528 Theog.
1488 2467 1608 2503 346—
1623 2468 1703 2503 361.

1039 2513 1123 2550 426.
1145 2513 1382 2568 κρόκον·τ’
1408 2512 1597 2558 ἀγανὸν.
1620 2511 1794 2554 ἱῑαἾοεε.,

993 2572 1100 2614 quem
1123 2560 1181 2594 alii
1220 2560 1332 2594 secuti
1369 2565 1457 2595 sunt.
1495 2559 1583 2594 iiber
1615 2564 1795 2612 corrupte.

991 2604 1190 2648 κροκόεντα
1218 2604 1342 2650 γανόν.
1398 2605 1558 2640 Eustath.
1598 2604 1643 2638 ad
1672 2603 1712 2638 ΙΙ.
1746 2602 1794 2649 β’,

994 2655 1071 2688 189.
1102 2664 1121 2686 e
1144 2653 1252 2688 lexico
1287 2653 1435 2686 rhetor:
1468 2648 1625 2709 ἀγανόν,
1654 2647 1697 2685 τὸ
1727 2662 1794 2685 κα-

993 2696 1078 2739 λὸν,
1102 2711 1134 2732 κ.
1146 2697 1247 2742 ἡδί,
1271 2713 1302 2734 κ.
1326 2699 1517 2744 προσηνές.

1035 2746 1114 2779 427
1163 2746 1267 2780 scribi
1306 2750 1423 2790 posset
1461 2746 1592 2798 aperta
1593 2741 1793 2800 sententia,

992 2802 1055 2825 nec
1089 2791 1221 2826 difficili
1248 2792 1461 2829 mutatione:
1493 2808 1536 2815 -
1576 2783 1620 2824 ὃν
1656 2787 1792 2833 ἔφυσεν

990 2834 1196 2879 υπέρκοτον
1220 2837 1464 2882 (immensum)
1487 2833 1562 2878 εὕρ.
1585 2837 1644 2879 κθ.
1668 2834 1792 2881 πάγας

989 2882 1214 2925 ὑπερκότους
1238 2884 1326 2918 dixit
1349 2882 1536 2927 Aeschylus
1559 2882 1623 2926 Ag.
1646 2881 1727 2917 728.

1035 2930 1138 3012 433,-
1162 2942 1231 2968 non
1253 2929 1338 2976 dpus
1360 2929 1538 2975 asyndeto.
1569 2933 1733 2987 ponamus
1750 2924 1789 2963 ἐκ

989 2987 1057 3012 τον
