1821 3288
102 69 189 111 288

415 67 563 109 ΕΙΣ
595 66 1071 109 ΑΠΟΛΛΩΝΑ
1112 69 1455 112 ΠΤΘΙΟΝ.

280 177 447 233 ειρηταί
475 192 544 220 τοι
570 175 738 221 πάντα·
760 165 824 220 σύ
856 176 902 220 δὲ
931 175 1069 246 φρεσὶ
1091 179 1194 247 σῇσι,1
1227 177 1456 235 φύλαξαι.“

352 234 442 276 Καὶ
472 233 528 277 σὺ
556 233 636 290 μὲν
666 233 781 278 οὕτω
809 239 954 302 χαῖρε,
988 232 1098 283 Διὸς
1126 233 1201 276 καὶ
1228 240 1401 306 Λητοῦς
1429 235 1520 280 υἷέ·

281 288 421 346 αὐτὰρ
452 289 536 347 ἐγω
568 291 642 335 καὶ
672 295 764 335 σεῖο
794 290 868 333 καὶ
896 288 1024 345 ἄλλης
1052 288 1243 346 μνήσομ’
1280 289 1446 350 ἀοιδῆς.

105 426 203 460 esse,
228 415 357 459 primus
375 415 615 451 animadvertit
631 413 793 471 Reizius‚
818 424 916 468 quem

102 468 200 497 recte
223 463 354 496 Frank.
387 469 525 497 secutus
550 468 613 494 est.
661 458 765 494 κατ’
801 458 886 505 ἐμ
866 474 917 504 ην

103 507 223 544 ἰθύν
244 521 302 552 γε
337 514 390 543 est
423 520 497 542 meo
531 508 667 550 quidem
691 508 813 549 jussu,
854 507 916 539 sub

101 566 178 588 meo
212 555 367 610 imperio.
417 552 631 604 Hesychius·
671 551 786 593 ἰθυν,
819 550 918 596 φρό-

101 612 239 655 νησιν,
277 599 435 643 τρόπον,
488 596 683 652 βούλησιν,
730 597 917 640 διάνοιαν,

103 658 193 692 quae
229 646 470 691 interpretatio
506 645 681 701 pertinere
705 645 846 678 videtur
871 645 914 679 ad

103 694 293 738 γυναικῶν
319 692 411 727 ἰθύν
437 691 567 735 Οό)83.
590 690 639 732 π’,
664 690 745 728 304,
768 691 835 725 sibi
853 703 915 736 pa-

101 751 181 774 rere
206 739 393 772 Cretenses
423 738 524 783 jubet
563 736 669 778 deus3
701 738 754 772 sin
785 741 915 771 temere

102 786 187 830 quid
220 785 393 826 dixerint,
438 783 494 817 vel
527 783 698 824 fecerint,
733 784 914 828 superbie-

100 832 240 875 rintque
272 842 366 864 more
406 829 598 872 hominum,
638 830 714 863 fore
756 830 827 871 ait,
876 834 915 863 ut

103 877 209 919 alios,
244 887 308 910 uec
333 877 435 919 deos,
470 875 531 908 sed
555 875 715 910 mortales
749 874 914 917 (ἄλλοι

102 920 308 966 ἄνδρες,
341 925 376 956 h.
401 935 430 956 e.
457 920 583 964 ἄλλοι,
615 919 718 963 ὄντες
750 920 913 964 ἄνδρες),

101 969 254 1003 dominos
279 969 529 1004 nanciscantur.
578 968 706 1009 „haud
740 968 844 1003 dubie
878 968 915 1002 hi

101 1026 222 1049 versus
256 1015 302 1050 ad
334 1015 458 1050 bellum
493 1014 800 1059 Amphictionicum
835 1025 915 1068 spe-

102 1064 221 1108 ctant,
254 1073 361 1109 quo,
397 1060 592 1104 Crissaeis,
627 1060 707 1106 quia.
737 1072 777 1096 se
812 1060 917 1106 impie

962 412 1173 457 gessissent,
1216 414 1250 448 in
1282 417 1476 452 servitutem
1508 417 1681 461 redactis,
1721 416 1765 452 ad

961 459 1113 504 Delphos
1145 472 1226 494 cura
1266 463 1392 495 oraculi
1426 464 1475 509 Ρ)
1474 465 1566 498 thici
1598 463 1767 498 translata

963 517 1039 539 esse
1073 506 1200 541 dicitur
1236 507 1299 552 Ol>
1299 520 1360 551 ·pm
1364 509 1453 544 .47.
1489 522 1522 544 v.
1547 510 1705 544 Aeschin.
1731 521 1765 553 p.

962 551 1031 587 498
1063 564 1160 597 seqq.
1199 554 1256 587 ed.
1284 520 1421 588 >Repisk.
1455 556 1575 589 etenim
1616 555 1767 590 Crissaei

962 597 1101 642 antiquo
1126 603 1281 642 tempore
1304 600 1486 644 Pythicum
1515 602 1689 636 oraculum
1713 608 1768 635 te-

962 643 1107 685 nebant3
1131 645 1223 688 apud
1247 657 1330 690 quos
1352 657 1425 679 cum
1449 647 1646 681 sacerdotes
1668 647 1767 680 vide-

961 695 1062 723 antur
1087 701 1129 722 ex
1154 702 1195 724 ea
1229 697 1334 734 gente
1368 692 1471 726 electi
1504 693 1632 734 fuisse,
1667 704 1766 737 quam

960 747 1072 769 rumor
1095 741 1172 769 erat
1196 737 1337 770 eCreta
1361 738 1536 772 oriundam
1561 749 1647 781 esse,
1670 745 1767 773 recte

961 782 1080 826 Apollo
1105 781 1326 816 Cretensibus
1357 783 1446 827 illis,
1479 784 1544 838 qui
1568 786 1768 818 sacerdotes

960 828 1012 861 sui
1036 827 1143 861 futuri
1167 828 1301 870 essent,
1326 841 1367 863 ea
1391 830 1479 864 mala
1501 830 1660 871 minatur,
1684 830 1768 874 qui-

959 874 1023 907 bus
1056 874 1270 908 sacerdotum
1309 876 1454 910 maxime
1482 877 1583 921 culpa
1610 876 1768 910 Crissae-

960 931 1055 954 orum
1079 919 1203 954 civitas
1227 922 1356 955 afflicta
1381 930 1447 957 est.
1480 922 1515 956 in
1548 922 1665 956 verbis
1690 933 1769 979 ση-

959 964 1201 1021 μάντορες
1235 968 1300 1011 (Il.
1324 966 1378 1010 θ’,
1416 970 1482 1004 127
1507 968 1596 1011 etc.)
1631 974 1666 1002 et
1697 965 1769 1002 ὑπ’

962 1009 1201 1058 ἀναγκαίῃ
1225 1015 1390 1048 facillime
1414 1015 1568 1050 dominos
1589 1025 1769 1050 servorum

960 1049 1209 1103 intelliguntur.
1213 1061 1238 1081 ‘⁵
1279 1060 1314 1094 Ε
1339 1061 1472 1098 Frank.
1523 1064 1526 1066 '
