1821 3288
114 107 199 149 158

755 108 1155 153 ΟΜΗΡΟΥ

281 215 480 277 βλάπτει,
509 213 560 267 ὃς
589 215 646 261 ἄν
672 234 749 274 μιν
776 219 941 290 χανδὸν
968 219 1065 277 ἕλῃ,
1094 221 1201 277 μηδ’
1232 223 1388 278 αἴσιμα
1414 225 1538 283 πίνῃ.

168 275 252 318 295
282 271 404 323 οἶνος
432 272 506 315 καὶ
534 273 794 344 Κένταυρον
823 275 1069 331 ἀγακλυτὸν
1097 278 1362 333 Ευρυτίωνα

282 326 387 372 αἀσ’
421 329 485 372 ἐνὶ
513 329 690 403 μεγάρῳ
720 334 982 403 μεγαθύμου
1013 337 1299 407 Πειριθόοιο,

223 385 323 467 m69
350 387 557 438 Λαπίθας
586 386 796 431 ἐλθόνθ’

826 387 849 432 ὁ
881 389 926 432 δ’
957 390 1047 434 ἐπεὶ
1077 393 1242 446 φρένας
1272 393 1405 436 αάσεν
1436 395 1571 452 οἴνῳ,

223 440 559 514 *paw6pev99
566 443 671 487 κάκ’
684 445 818 504 ἔρεξε
847 445 988 500 δόμον
1016 447 1127 491 κάτα
1159 451 1436 503 Πειριθόοιο.

276 497 426 569 ᾕρωας
457 498 500 543 δ’
531 500 634 556 ἄχος
663 498 768 551 εἷλε,
800 502 898 572 διὲκ,
920 502 1158 557 προθύρου
1190 507 1236 549 δὲ
1266 507 1430 561 θύραζε

164 559 249 600 300
277 555 406 599 ἕλκον
437 558 710 608 ἀναΐξαντες,
741 556 819 601 ἀπ’
852 558 991 602 οὔατα
1021 561 1144 616 νηλέι·
1170 567 1338 621 χαλκῷ,

277 612 402 665 ῥῖνάς
431 612 478 656 τ’
480 645 508 682 ,ἰ
508 613 778 683 ἀμήσαντες.

836 613 859 659 ὁ
891 617 957 668 δὲ,
990 618 1147 672 φρεσὶν
1175 622 1278 674 ήσιν
1310 619 1491 673 ἀασθεὶς

276 669 373 726 ἤϊεν
400 668 458 726 ἢν
487 668 598 727 ἄτην
626 669 764 727 ὀχέων
794 670 1029 730 ἀεσίφρονι
1058 678 1204 732 θυμῷ.

103 824 143 862 ἐκ
165 840 234 862 του
259 826 368 872 τείρω
393 826 462 871 (7)
509 824 549 863 ἔκ
583 840 722 866 τουτον
747 829 790 868 δε
812 845 915 876 παρα

101 877 182 915 τοῖς
205 872 360 918 ν’στερον
383 875 446 909 καὶ
469 873 512 910 τὸ
536 874 742 921 τιτρώσκω,
777 875 916 923 ὁμοίως

100 921 153 966 τῷ
185 921 261 964 yvo?
293 919 501 978 γιγνώσκω,
534 925 740 1003 παρῆκται,
774 925 836 961 καὶ
868 925 912 961 2·6

99 968 229 1011 τρῶμα
251 980 284 1001 κ.
319 965 342 1012 ἡ
376 967 503 1013 τρώμη
536 966 598 1003 ἐπὶ
632 970 774 1026 βλάβης
805 970 915 1008 Ἰωνι-

99 1025 174 1053 κως
208 1014 804 1061 010.ν.801111.ν.τιτρᾰω.--
839 1031 914 1063 με-

98 1058 286 1104 λιηδής.
346 1056 386 1102 ζ’,
420 1061 490 1101 90,
523 1060 634 1104 11.ζ’,
670 1065 830 1099 258010.
867 1084 914 1091 —-

99 1107 187 1162 Ap:
213 1106 408 1163 χανδόν.
455 1105 572 1149 πολν,
605 1109 708 1153 παροὶ
739 1109 782 1145 τὸ
809 1123 913 1157 κεχῃ-

97 1152 193 1186 νότα
214 1154 335 1188 πίνειν
358 1150 524 1196 ἁθρόως.
555 1155 687 1196 ‚‚Sch.:
712 1158 911 1199 χανδόν.

97 1196 256 1244 αθρόως
288 1213 321 1233 κ.
347 1197 560 1255 κεχηνότως
610 1200 789 1236 Nicander
813 1203 910 1237 The-

95 1245 183 1279 riae.
216 1245 315 1281 341..
352 1245 494 1289 χανδόν
526 1242 733 1291 ἀμέτρητον
767 1247 911 1292 δέχεται

94 1290 233 1332 ποτὸν,
265 1290 322 1324 ubi
356 1291 473 1325 Schol
500 1293 589 1326 hunc
625 1294 769 1328 Homeri
799 1296 908 1330 locum

93 1337 226 1372 laudat.
275 1338 455 1381 Theognis
478 1340 577 1373 Qud
618 1338 724 1375 οἶνόν
756 1354 816 1376 τοι
848 1355 910 1376 πι-

93 1396 174 1419 νειν
206 1383 351 1419 πουλύν
388 1382 521 1418 κακόν·
556 1381 602 1427 ἢν
635 1387 675 1421 δὲ
708 1400 763 1427 τις
792 1385 908 1423 αντὸν

95 1431 194 1476 Πίνῃ
218 1428 489 1472 ἐπισταμένως,
525 1429 572 1464 οὐ
597 1431 730 1474 κακὸς,
756 1430 840 1469 ἀλλ’
864 1433 907 1469 ἆ-

92 1477 226 1531 γαθός.
230 1479 253 1496 “
279 1477 312 1509 Ε
337 1477 387 1511 CI.
416 1496 453 1502 —
481 1476 808 1534 ai‘ocumjusta,
833 1491 907 1514 mo-

94 1522 184 1558 dica.
231 1524 282 1556 E:
315 1522 427 1558 τοῦτο
461 1522 502 1558 δὲ
533 1527 724 1580 γνωμικῶς
753 1527 805 1568 εἰς
828 1525 906 1570 ψό-

92 1582 160 1614 γον
182 1568 302 1612 μέθης
328 1570 430 1613 φησί.
458 1589 502 1595 -
528 1568 600 1614 δ’ρα
625 1571 683 1612 δὲ,
711 1569 768 1607 ότι
791 1585 906 1629 προσ-

93 1617 175 1660 φυῆ
206 1616 531 1659 (accommodatam)
564 1620 642 1658 τοῖς
672 1631 859 1661 παρονσιν
883 1616 903 1654 6

90 1676 128 1699 π.
164 1661 333 1704 ἱστορίαν
367 1662 592 1705 παρέθηκεν.
639 1665 823 1718 εἰλαπίνη
833 1664 903 1708 γὰρ

91 1707 178 1752 α’ρτι
203 1707 370 1751 λαμπρά,
395 1706 469 1752 ἤδη
493 1708 533 1767 δὲ
550 1709 609 1743 καὶ
630 1709 756 1765 γάμου
772 1711 902 1768 σκευή·

90 1753 247 1799 τοιαύτη
284 1752 326 1788 δέ
361 1768 416 1794 τις
449 1755 512 1790 καὶ
547 1753 569 1796 ἦ
595 1755 689 1791 κατὰ
714 1769 804 1798 τους
827 1762 903 1793 Λα-

90 1804 209 1844 πίθας
233 1786 330 1842 δαὶᾈς
354 1797 450 1836 καθ’
476 1815 521 1846 ην
546 1814 565 1836 ο
586 1802 790 1858 Εὗρυθίων
815 1803 902 1839 ἔπα-

89 1852 173 1884 θεν.
222 1847 323 1888 εἰκός
344 1846 384 1882 δε
408 1843 474 1892 ἧν,
499 1849 551 1893 τῷ
575 1847 639 1884 διὰ
663 1851 786 1893 μέθην
812 1848 902 1886 ὀνει-

88 1893 268 1940 διζομένῳ
292 1894 354 1928 καὶ
390 1894 556 1937 ἱστορίαν
587 1899 830 1943 παραχθῆναι
863 1896 903 1932 6-

87 1944 216 1986 μοίαν.
242 1961 287 1966 -
318 1941 416 1981 τίνες
441 1940 481 1975 δὲ
511 1954 547 1976 οι
570 1946 764 1984 Λαπι’,ιθαι
789 1957 821 1977 κ.
853 1941 903 1985 ὣς

90 1987 204 2028 ε’θνος
233 1986 455 2022 Θετταλικὸν
478 1987 539 2022 καὶ
563 1987 684 2030 αὐτοὶ,
710 1992 820 2035 δηλοῖ
839 1991 900 2026 καὶ

88 2031 112 2080 ἡ
156 2032 263 2075 Ἰλιας
305 2033 372 2076 (μ’,
417 2035 617 2077 128—30‚
643 2039 740 2091 181,
789 2038 865 2072 182.
870 2037 898 2080 )‚

86 2078 185 2116 καθ’
210 2076 258 2122 ἣν
282 2081 506 2123 πεοίπνστος
538 2081 600 2116 καὶ
636 2078 655 2118 ὁ
684 2084 898 2125 Πειρίθους,

86 2128 267 2183 ᾼαπίθης
304 2140 356 2160 ων
388 2141 450 2160 και
484 2125 608 2166 αὐτός.
658 2129 719 2172 ((10
746 2131 897 2163 Centau-

86 2176 157 2217 ris,
187 2173 268 2207 item
309 2173 437 2218 populo
463 2173 666 2207 'lhessaliae
698 2175 898 2219 antiquissi-

86 2233 162 2260 mo,
195 2224 230 2253 et
264 2220 328 2253 hac
360 2231 476 2253 eorum
502 2231 615 2263 pugna
640 2232 713 2254 cum
741 2222 898 2265 lapithis

85 2278 122 2302 v.
148 2267 261 2308 Heyn.
288 2267 441 2300 Observ.
467 2267 510 2299 ad
537 2266 697 2323 Apollod.
721 2269 756 2307 2,
782 2269 822 2308 5,
847 2268 897 2310 4.,

85 2324 169 2370 pag.
201 2311 431 2354 146—149.)
465 2330 510 2335 —
542 2313 584 2347 τό
619 2311 659 2346 δὲ
695 2310 898 2357 αγακλν-

63 2358 168 2414 ,τὸν
191 2355 300 2400 Εὐρ.
326 2359 378 2397 εἰς
404 2358 559 2400 ἔνδειξιν
590 2362 708 2394 κεῖται
734 2360 803 2394 τοῦ
835 2359 899 2395 καὶ.

84 2418 175 2446 τους
196 2402 423 2448 οἷγακλυτοὺς
447 2403 694 2448 α’χρειοῦσθαι
717 2419 767 2452 τῳ
795 2406 898 2452 οἴνῳ.

85 2452 260 2498 (epitheta
281 2452 418 2484 heroum
443 2462 508 2484 non
533 2451 577 2484 ad
601 2464 657 2484 vn
662 2464 714 2485 um
738 2464 898 2487 resecan-

83 2503 128 2532 (ia
152 2509 249 2538 esse,
273 2496 336 2530 sed
360 2497 436 2530 sere
460 2499 603 2531 omnium
623 2510 814 2532 communes
834 2499 898 2531 do-

85 2551 138 2579 tes
172 2543 228 2578 vel
262 2543 410 2577 virtutes
448 2542 667 2587 significare,
713 2556 778 2577 non
806 2544 897 2588 fugit

85 2591 177 2623 viros
219 2589 352 2624 doctos.
413 2597 595 2632 praeterea
631 2590 804 2645 pertinent
850 2590 895 2624 ad

84 2637 200 2671 orbem
225 2635 345 2679 epicae
368 2635 566 2689 orationis.)
614 2635 654 2670 τό
681 2635 722 2671 δὲ
749 2648 863 2671 αασε
872 2649 894 2670 ν

83 2681 151 2726 (δ’,
184 2682 254 2717 503
288 2679 371 2723 etc.)
410 2677 495 2715 ἀντὶ
529 2683 599 2716 τοῦ
633 2681 769 2725 ἔβλαψε
803 2683 894 2724 λέξις

82 2728 149 2772 μέν
171 2729 268 2781 ἐστιν
293 2724 341 2762 ου’
362 2725 752 2783 κοινὴ,1ιαιριωτατη
777 2728 817 2763 δὲ
844 2742 893 2770 ως

82 2773 122 2810 ἐν
145 2772 317 2829 ποιήσει...
356 2771 417 2807 διὸ
455 2773 516 2809 καὶ
540 2776 618 2816 τρὶς
642 2775 738 2820 αὐτη
762 2774 893 2810 ἐνταῦ-

81 2823 138 2856 θα
160 2821 293 2866 χρᾶται
306 2815 488 2879 ’ἾΟμηρος
529 2818 569 2855 ἐκ
595 2819 634 2855 δε
660 2823 796 2856 τούτου
821 2822 890 2856 τοῦ

82 2866 246 2912 ῥήματος
285 2866 348 2901 καὶ
382 2865 404 2910 ἡ
440 2863 510 2910 ἄτη
551 2880 647 2902 κατα
682 2869 891 2911 συναίρεσιν

83 2913 147 2949 δια
169 2911 342 2958 διχρόιου
367 2911 617 2948 ἐκτεταμένου-
644 2914 740 2958 Virg.
757 2914 890 2957 Georg.

83 2963 115 3003 2,
139 2959 218 2996 455.
230 2985 240 3003 ,
275 2964 463 2995 annotante
491 2958 567 2993 Cl..
602 2961 761 2995 Bacchus
785 2966 818 2994 et
842 2961 891 2995 ad

962 833 1100 878 culpam
1123 845 1248 868 causas
1272 833 1388 868 dedit.-
1421 833 1480 868 ille
1494 835 1657 876 furentes
1681 837 1770 871 Cen-

961 885 1083 914 tauros
1106 882 1174 915 lcto
1206 881 1356 921 domuit,
1392 881 1643 924 Rhoetumque,
1678 883 1770 917 ΡΙιο-

962 926 1116 971 lumque,
1151 928 1200 961 Et
1233 938 1362 972 magno
1399 927 1573 969 Hylaeum
1608 927 1770 972 Lapithis

960 979 1094 1006 cratere
1115 974 1316 1006 minantem.
1365 973 1472 1006 Ovid.
1487 973 1572 1006 Met.
1592 975 1648 1014 12,
1666 976 1767 1009 219.:

959 1030 1041 1052 πατη
1067 1020 1152 1060 tibi,
1188 1030 1368 1053 saevorum
1394 1020 1592 1052 saevissime
1621 1020 1769 1055 Centau-

959 1076 1093 1107 rorum,
1118 1067 1269 1108 Euryte,
1295 1077 1398 1110 quam
1423 1066 1500 1098 vino
1522 1070 1661 1108 pectus,
1693 1072 1768 1101 tam

958 1112 1097 1155 virgine
1120 1114 1197 1145 visa
1209 1112 1330 1151 Ardet,
1356 1117 1389 1145 et
1414 1112 1561 1145 ebrietas
1583 1113 1767 1155 geminata

959 1157 1100 1191 libidine
1122 1164 1264 1201 regnat.
1313 1158 1481 1201 Eurytum
1512 1163 1636 1199 vocat,
1667 1171 1793 1203 (1110111Δ

957 1203 1126 1237 Homerus
1150 1212 1186 1237 et.
1219 1203 1278 1237 alii
1312 1204 1560 1246 Eurytionem,
1594 1209 1632 1237 ut
1664 1204 1765 1239 liberi

956 1253 1035 1282 sunt
1059 1252 1183 1293 poeitae
1213 1250 1250 1282 in
1275 1250 1340 1282 11οο
1372 1260 1513 1293 genere,
1550 1255 1657 1282 metro
1691 1263 1767 1285 ser-

955 1295 1109 1336 vientes;
1143 1294 1423 1339 quemadmodum
1457 1296 1533 1339 ipse
1573 1297 1765 1340 capmrium

955 1341 1056 1375 modo
1105 1342 1355 1382 Melantheum,
1392 1341 1492 1374 modo
1537 1340 1764 1377 Melambium

955 1387 1128 1431 appellat,
1165 1392 1201 1421 et
1235 1387 1379 1421 Plautus
1413 1388 1548 1420 eosdem
1582 1388 1703 1423 Dolum
1729 1394 1765 1424 et

954 1432 1140 1473 Dolonem,
1175 1433 1342 1467 Tranium
1376 1436 1412 1467 et
1444 1432 1665 1467 Tranionem.
1711 1435 1763 1469 sic

952 1479 1055 1512 etiam
1079 1458 1162 1512 Sel„
1191 1479 1226 1512 in
1251 1479 1402 1523 vulgatis
1425 1478 1541 1512 libris·
1574 1477 1676 1520 οἶνος
1698 1482 1763 1517 καὶ

951 1525 1230 1578 Κένταυρον
1256 1506 1560 1582 αγυακλεμτόν.
1598 1523 1761 1574 Εὕρντῳ

951 1566 1052 1613 ὅμως
1085 1569 1171 1614 μὲν,
1206 1569 1271 1606 ἓία
1305 1572 1378 1606 τῶν
1417 1569 1456 1605 ἐν
1487 1573 1538 1618 τῷ
1573 1564 1760 1631 Πειρίθου

949 1616 1054 1662 γάμῳ
1079 1616 1301 1661 Κενταύρων
1325 1617 1510 1660 ἀπολομέτ
1515 1632 1566 1653 ων
1594 1618 1661 1654 τόν
1685 1617 1763 1655 Ev'-

951 1667 1111 1706 ρυτίωνα
1134 1663 1226 1706 λέγει
1250 1669 1340 1697 etc.·
1330 1688 1341 1704 ‚
1374 1675 1491 1697 verum
1527 1666 1612 1698 haec
1636 1678 1760 1701 corru-

951 1715 1010 1753 pta
1034 1714 1132 1749 sunt,
1156 1709 1461 1759 resffituendaque,
1487 1711 1551 1744 nisi
1576 1712 1697 1756 fallor,
1722 1714 1758 1747 in

949 1756 1039 1789 hunc
1072 1735 1224 1789 m0⁷dum·
1259 1760 1397 1796 οἰνος
1428 1757 1508 1791 καὶ
1547 1757 1680 1792 Κέντ.
1716 1757 1761 1794 οἷ·-

947 1801 1189 1846 γακλυτὸν
1238 1799 1538 1845 Εὐρυτίωνα.
1600 1801 1651 1844 ὥς
1692 1803 1761 1849 μὶν

949 1847 1013 1884 ἕνα
1048 1854 1113 1882 etc.
1148 1865 1194 1873 —-
1234 1851 1308 1882 Am.
1347 1848 1410 1889 Q.:
1457 1849 1760 1905 μαινόμενος

948 1892 1054 1929 κακ’
1090 1893 1233 1936 ἔρεξε.
1281 1892 1392 1938 ἤθελε
1423 1893 1494 1939 γάρ
1533 1897 1759 1951 συμμιγῆναι

948 1943 993 1986 τῇ
1017 1953 1084 1986 γυι
1088 1942 1162 1975 mni
1186 1941 1253 1975 τοῦ
1281 1943 1479 1983 Πειρίθου.
1528 1942 1656 1977 rectius
1682 1945 1760 1978 fue-

948 1989 995 2022 rit
1021 1988 1115 2031 ερεζε
1140 1987 1174 2019 in
1199 1986 1354 2029 actione,
1388 1999 1477 2032 quae
1501 1999 1567 2021 non
1593 1989 1687 2023 venit
1712 1991 1757 2025 ad

946 2034 1057 2068 finem.
1093 2033 1242 2067 cf.100.
1286 2034 1371 2067 haec
1395 2035 1502 2068 verba
1527 2035 1630 2069 etiam
1654 2035 1694 2070 11.
1711 2035 1760 2082 β’,

945 2082 1025 2116 400.
1055 2080 1197 2113 confusa
1229 2084 1330 2121 sunt,
1363 2091 1427 2112 1100
1461 2081 1510 2112 ita
1545 2091 1624 2115 raro
1652 2081 1760 2116 libra-

945 2126 988 2159 rii
1021 2128 1040 2169 ζ
1072 2131 1107 2159 et
1141 2127 1160 2166 ξ
1192 2125 1326 2158 litteras
1361 2125 1654 2170 permiscuer11n23
1689 2140 1757 2173 qua

945 2173 988 2205 de
1021 2185 1059 2206 re
1090 2171 1220 2204 videsis
1261 2171 1414 2204 Bastium
1451 2171 1565 2217 Epist.
1599 2174 1676 2208 crit.
1709 2175 1754 2208 ad

944 2218 1150 2252 Boissonad.
1177 2228 1208 2261 p.
1235 2218 1397 2259 13.,11ο5
1421 2229 1499 2252 ann.
1525 2217 1570 2251 ad
1593 2220 1754 2263 Aeschy.1

945 2267 1010 2308 Ag.
1047 2265 1132 2305 885,
1176 2264 1286 2308 Soph.
1331 2263 1447 2319 Antig.
1491 2265 1581 2307 297,
1628 2232 1754 2319 Euriyp.

945 2310 1076 2345 Phoen.
1107 2311 1209 2344 1309.
1244 2329 1290 2334 —
1325 2322 1456 2353 αχος,
1479 2311 1595 2351 dolor3
1630 2311 1684 2346 ira
1709 2324 1754 2347 ex

945 2356 1074 2391 dolore.
1108 2374 1155 2381 —
1200 2354 1314 2397 εἷλε,
1351 2357 1466 2412 cepit,
1510 2335 1651 2390 inva’sit.
1698 2358 1752 2401 ω’,

943 2403 1045 2438 53·.3.:
1069 2401 1155 2442 τούς
1180 2399 1219 2436 δε
1244 2400 1384 2446 χλωρὸν
1408 2402 1490 2442 δέος
1512 2400 1751 2441 εἵλε.01“.11.

944 2447 987 2493 γ’,
1012 2450 1069 2490 35,
1095 2449 1134 2491 ε’,
1161 2446 1206 2483 47
1242 2453 1308 2482 etc.
1340 2468 1385 2474 --
1418 2446 1490 2483 απ’
1529 2447 1752 2484 οὔατα-

944 2494 1228 2540 ἀμήσαντες.
1276 2495 1322 2530 cf.
1353 2494 1396 2538 σ’,
1427 2497 1482 2531 85.
1540 2493 1751 2542 αμήσαν-

943 2555 1038 2582 τες.
1075 2544 1309 2586 θερίζαντες,
1343 2542 1441 2586 quasi
1475 2541 1593 2583 dicas,
1628 2543 1749 2577 abmii-

942 2589 1044 2623 hemi.
1091 2588 1131 2624 Il.
1156 2587 1208 2630 ω’,
1231 2589 1310 2621 451.
1360 2588 1409 2621 E:
1435 2589 1477 2622 τὰ
1504 2587 1655 2623 οὔατα
1677 2588 1744 2634 ῥῖ-

942 2633 1026 2675 νάς
1056 2647 1103 2670 τε
1133 2633 1200 2677 ἀμ.
1234 2631 1318 2668 ἀντὶ
1359 2635 1428 2668 τοῦ
1470 2632 1682 2678 ἐκτεμόντες
1712 2647 1746 2671 κ.

939 2680 1034 2727 ῥαον
1059 2678 1340 2722 ἀποκόψαντες,
1373 2678 1438 2714 ὦσε
1445 2695 1457 2716 ι
1480 2682 1543 2715 καί
1566 2694 1601 2716 τι
1625 2680 1747 2725 φυτόν

939 2726 1374 2771 αμωμενον.-φρεσὶν
1398 2720 1507 2772 ᾖσιν
1529 2724 1745 2770 οἷασθεις,

938 2780 1050 2808 mente
1090 2785 1154 2808 sua
1196 2775 1310 2808 laesus
1350 2774 1530 2808 ebrietate.
1572 2776 1654 2815 296,
1685 2776 1744 2809 97.

938 2818 1102 2877 ὀχέων,
1105 2823 1258 2878 serens}
1287 2821 1453 2856 tolerans
1495 2817 1541 2855 α’.
1563 2820 1643 2855 297.
1691 2820 1743 2854 E-

936 2867 979 2901 τό
1011 2864 1067 2911 ἣν
1090 2865 1230 2925 ἄτην·
1236 2867 1300 2912 όχ.
1345 2863 1497 2907 αστείως
1519 2865 1576 2910 (⁶2)
1599 2865 1744 2921 ειρηται

937 2911 1021 2948 αντὶ
1051 2915 1120 2948 τοῦ
1154 2913 1262 2969 σ’χων
1286 2927 1319 2948 κ.
1343 2911 1536 2968 βαστάζων
1565 2910 1630 2955 τήν
1655 2912 1741 2947 ἑαυ-

935 2959 1004 2995 τοῦ
1035 2959 1197 3006 βλόβηι,
1237 2974 1287 3001 ως
1320 2959 1385 2995 οἶά
1425 2972 1481 3001 τις
1513 2955 1744 3003 αχθοᾳορων
