1821 3288
82 116 168 158 1⁰6

716 118 1118 164 ΟΜΗΡΟΊἱ

251 225 452 298 γίγνοντ’
452 259 465 278 ,
495 225 600 271 οὐδέ
628 243 671 271 τι
697 228 841 273 πάντα
869 231 1073 275 τελείεται
1101 222 1397 303 ἀνθρώποισι.

252 284 372 328 δοιαὶ
395 283 483 340 γάρ
505 300 556 330 τε
584 284 721 328 πύλαι
749 285 980 354 ἀμενηνῶν
1009 288 1120 332 εἰσὶν
1150 288 1359 343 ὀνείρων·

249 341 298 383 αἱ
325 340 406 395 μὲν
422 341 518 396 γὰρ
548 341 746 395 κεράεσσι
774 342 1044 398 τετεύχαται,
1078 363 1123 388 αι
1153 345 1197 390 δ’
1229 347 1452 403 ἐλέφαντι·

249 400 341 440 τῶν
371 400 416 441 οι
444 397 525 452 μέν
552 396 596 441 κ’
634 398 795 442 ἔλθωσι
825 399 898 443 δια
927 406 1116 453 πριστοῦ
1147 402 1403 473 ἐλέφαντος,

136 455 219 498 565
250 454 298 496 οἴ
323 451 365 507 ῤ’
401 454 730 510 ἐλεφαίρονται,
761 455 852 498 ἕπε’
885 455 1110 509 ἀκράαντα
1140 458 1368 514 φέροντες·

252 510 298 554 οἱ
326 510 374 554 δε
403 511 475 553 διὰ
506 513 665 563 ξεστῶν
693 510 867 564 κεράων
896 514 1055 557 ἔλθωσι
1057 515 1273 584 θύραζε,

247 567 296 610 οἵ
322 566 365 638 ῤ’
396 567 531 622 ἔτυμα
560 569 816 622 κραίνουσι,

847 571 1023 640 βροτῶν
1054 569 1124 614 ὅτε
1153 572 1230 615 κέν
1258 589 1322 623 τις
1350 574 1507 631 ἰ’δηται.

250 621 349 667 ἀλλ’
378 623 476 681 ἐμοὶ
506 623 588 668 οὐκ
617 623 825 669 ἐντεῦθεν
855 625 1003 683 ὀΐομαι
1033 626 1208 672 αἰνὸν’
1192 627 1369 687 όνειρον

73 792 115 829 11.
145 790 200 836 θ’,
234 795 303 829 130
316 762 435 852 etc).
491 794 586 839 πρὸς
619 791 687 838 ους
712 795 886 854 μηχανὴν

73 837 197 882 ενρεῖν
221 837 291 875 οὔκ
315 838 425 876 ἔστιν.
471 842 544 877 scil.
576 843 746 888 μηχανὴν
764 845 886 903 ἑρμη-

73 888 194 928 νείας,
219 884 242 930 ἢ
268 889 432 929 κρίσεως.
479 878 529 921 Ε·
553 908 598 913 -
621 889 716 934 πρὸς
733 904 799 932 ους
816 892 885 927 οὐκ

75 931 151 967 ε’στι
170 935 290 975 κρίσιν
307 930 391 968 τινα
410 930 614 981 ὡρισμένην
633 949 714 981 τεχτ
718 939 883 980 ίσασθαι,

72 978 469 1036 ἤτοιμηχανήσασθαι.
477 981 604 1015 ——Am.
615 983 675 1017 B.:
695 983 885 1026 ἀκριτό-

71 1038 130 1070 μυ
142 1028 237 1060 θοι
252 1021 425 1069 ἅκριτακ.
436 1024 712 1064 ἀδιάτακταλέ
695 1043 826 1073 χοντες.
837 1050 884 1056 —-

73 1071 523 1117 δοιαὶ-ἐλέφαντι.
546 1075 632 1109 mira
651 1058 757 1117 fic‘tio,
780 1089 881 1121 quam

72 1119 172 1152 varie
197 1118 372 1163 explicare
394 1119 610 1154 studuerunt.
648 1123 746 1156 mitto
775 1135 881 1167 nugas

71 1165 285 1206 manifestas,
316 1165 450 1199 illorum
477 1171 588 1199 autem
622 1179 689 1201 non
727 1169 882 1211 rejiciam

71 1210 290 1267 opinionem,
330 1210 374 1244 de
406 1211 529 1255 quibus
564 1213 670 1246 Scir:
712 1214 808 1254 τινὲς
841 1214 882 1250 δὲ

73 1255 193 1297 οὕτως
226 1255 426 1292 ἀπέδοσαν.
482 1259 686 1314 κερατίνην
716 1258 783 1304 μὲν
814 1259 883 1305 τήν

73 1301 222 1348 ἀληθῆ,
267 1316 299 1337 κ.
334 1303 503 1359 διαφανῆ
517 1328 527 1344 ,
573 1316 605 1338 κ.
642 1303 882 1361 λαμπονσαν·

71 1348 328 1405 ἐλεφαντίνην
343 1348 384 1384 δὲ
416 1348 483 1394 τὴν
507 1350 650 1394 ψευδῆ,
683 1365 716 1387 κ.
738 1349 882 1396 ἀσαφῆ,

70 1410 106 1431 κ.
129 1394 408 1441 συγκεχυμένην.
458 1397 712 1449 Porphyrium,
751 1400 786 1432 ni
811 1401 882 1433 fal-

70 1444 151 1484 lot,
160 1444 266 1484 dicit,
299 1443 357 1487 qui
386 1441 502 1476 latinis
530 1444 646 1478 verbis
680 1445 772 1489 apud
801 1446 880 1480 Ma-

71 1489 223 1524 crobium
249 1489 436 1522 comment.
460 1488 496 1521 in
519 1488 635 1524 Somn.
659 1491 754 1536 Scip.
768 1494 799 1532 1,
825 1493 879 1527 3.=

71 1535 198 1577 Latet,
222 1535 355 1579 inquit,
379 1545 478 1568 omne
501 1546 631 1571 verum
678 1538 740 1570 hoc
764 1543 881 1571 tamen

71 1583 210 1623 anima,
245 1593 321 1614 cum
344 1581 392 1614 ab
427 1582 550 1624 officiis
580 1585 730 1626 corporis
764 1595 880 1617 somno

71 1629 144 1672 ejus
165 1627 346 1672 paululum
371 1628 481 1660 libera
510 1631 580 1668 est,
611 1630 785 1663 interdum
817 1631 880 1663 ad-

70 1675 192 1718 spicit3
223 1685 470 1717 nonnunquam
513 1674 625 1709 tendit
655 1677 784 1717 aciem,
818 1688 880 1710 nec

69 1726 186 1754 tamen
208 1720 377 1763 pervenit,
403 1724 448 1759 et,
473 1731 549 1752 cum
573 1722 738 1765 adspicit,
763 1728 881 1756 tamen

69 1779 138 1799 non
161 1768 266 1799 libero
292 1770 325 1799 et
350 1766 479 1799 directo
516 1767 642 1801 lumine
673 1769 789 1811 videt,
819 1770 881 1803 sed

72 1813 250 1857 interjecto
274 1813 466 1853 velamine,
492 1813 582 1856 quod
604 1826 709 1848 nexus
731 1794 880 1851 naiurae

70 1859 261 1904 caligantis
284 1859 434 1892 obducit.
459 1877 505 1884 --
538 1859 600 1892 hoc
623 1861 780 1898 velamen
805 1873 880 1895 cum

68 1905 107 1939 in
138 1906 254 1950 quiete
289 1905 336 1937 ad
367 1916 483 1937 verum
517 1917 623 1948 usque
656 1908 766 1940 aciem
802 1909 881 1941 ατη·-

69 1963 147 1986 mae
178 1951 443 1994 introspiciendus
486 1951 658 1995 admittit,
697 1954 740 1987 de
776 1965 882 1988 cornu

69 1998 240 2038 creditur,
279 1998 374 2039 cujus
397 1998 466 2029 ista
498 2003 627 2032 natura
660 2004 732 2041 est,
764 2005 803 2034 ut
828 2005 881 2034 te-

73 2049 219 2078 nuatum
243 2044 334 2076 visui
366 2044 520 2087 pervium
553 2046 617 2086 sit3
650 2057 726 2078 cum
763 2051 879 2080 autem

70 2102 94 2123 a
117 2101 197 2122 vero
222 2090 362 2122 hebetat
387 2101 428 2121 ac
452 2090 587 2132 repellit
604 2091 770 2134 obtutum,
797 2093 880 2126 ebur

66 2141 235 2181 putatur,
259 2136 355 2177 cujas
379 2147 498 2179 corpus
522 2137 575 2171 ita
597 2143 728 2170 natura
752 2139 879 2171 densa-

69 2188 143 2217 tum
168 2188 242 2222 est,
276 2186 334 2222 ut,
370 2182 419 2214 ad
443 2183 599 2226 quamvis
626 2185 880 2217 extremitatem

68 2229 249 2263 tenuitatis
272 2239 427 2267 erasum,
451 2229 544 2261 nullo
568 2230 644 2263 visu
666 2230 714 2262 ad
737 2231 880 2264 ulterio-

67 2287 111 2309 ra
143 2275 306 2308 tendente
339 2279 549 2317 penetretur.
607 2275 794 2311 Homerum
826 2281 880 2309 ta-

68 2333 144 2355 men
168 2321 278 2365 ipsum
311 2320 515 2362 excutienti,
548 2320 625 2365 qui,
659 2322 761 2355 simili
795 2333 878 2356 sono

69 2368 212 2407 ductus,
253 2377 369 2399 vocem
412 2365 543 2408 ἐλέφας
578 2367 710 2401 referre
741 2368 878 2401 videtur

68 2413 112 2447 ad
138 2411 360 2456 ε’λεφαίρειν,
397 2417 432 2445 et
464 2412 598 2455 κέρατα
633 2414 677 2447 ad
701 2417 877 2458 κραίνειν,

69 2459 184 2504 potius
207 2459 322 2492 nescio
359 2459 467 2511 cujus
503 2459 590 2492 alius
624 2459 761 2503 placeat
797 2472 877 2493 sen-

68 2505 196 2546 tentia,
242 2503 302 2548 qui
340 2503 392 2537 sic
428 2504 664 2546 existimabat,
703 2507 877 2541 referente

68 2549 275 2585 Eustathio.
313 2549 427 2593 λέγειν
459 2548 522 2585 τὸν
555 2551 716 2596 ποιητὴν
747 2565 878 2594 κερα-

68 2599 213 2652 τίνην
247 2593 326 2655 μὲν
350 2595 490 2640 πύλην,
524 2594 616 2632 ὅθεν
650 2599 686 2632 οἱ
721 2597 877 2644 αληθεῖς

69 2641 246 2686 (ὄνειροι)
265 2655 296 2677 κ.
308 2640 423 2687 ε’τνμα
440 2644 739 2687 κραίνοντες,
765 2658 877 2686 παρ-

67 2687 345 2733 ηχουμένου
391 2703 486 2729 πως
523 2689 607 2725 τοῦ
649 2692 878 2734 κραίνειν

68 2739 170 2776 τοῖς
201 2736 421 2778 κέρασιν,
459 2748 509 2775 ως
533 2734 572 2771 ἐκ
595 2737 663 2771 τοῦ
688 2738 798 2779 κέρας
820 2749 877 2771 κε-

69 2783 185 2821 ραίνω
209 2795 242 2816 κ.
266 2781 424 2822 κραίνω·
458 2780 801 2828 ἐλεφαντίνην
826 2782 879 2823 δε,

70 2827 162 2864 ὅθεν
188 2828 224 2861 οἱ
248 2829 400 2871 ψευδεῖς
423 2840 455 2862 κ.
480 2828 879 2884 ἐλεφαιρόμενοι,

70 2872 93 2910 ὅ
117 2872 192 2909 ἐστι
208 2873 546 2928 παραλογιζόμενοι,
569 2888 793 2917 απατωντες,
812 2882 878 2911 etc.

70 2920 226 2957 similiter
250 2919 294 2955 de
317 2919 437 2956 iisdem
464 2921 547 2955 Sch.
573 2921 688 2968 prisca
714 2923 788 2957 ed.:
817 2933 874 2959 κε-

931 799 1085 856 ρατίνην
1105 796 1174 844 μεν
1197 799 1267 845 τήν
1291 769 1418 846 α’ληθη
1441 801 1486 837 τό
1523 801 1648 847 (scrib.
1671 801 1741 846 τῷ)

930 846 1046 891 ε’τυμα
1058 848 1233 903 κραίνειν
1267 860 1301 881 κ.
1334 850 1520 890 τελειοῦν,
1553 848 1743 903 ἐλεφαντί-

929 906 1000 950 νην
1032 891 1072 928 δὲ
1096 893 1164 938 τήν
1194 894 1340 938 ψευδῆ·
1383 892 1642 938 ἐλεφήρασθαι
1671 892 1742 952 γὰρ

929 940 970 975 τό
989 941 1323 997 παραλογίσασθαι
1344 953 1377 976 κ.
1384 939 1601 998 ἀπατῆσαι.
1634 939 1742 976 οὐδ’

931 983 1000 1022 ἅμ’
1060 984 1323 1042 Ἀθηναίην
1375 984 1742 1031 ἐλεφηράμενος

929 1023 1040 1067 λάθ’
1064 1029 1301 1068 Ἀπόλλων.
1337 1033 1738 1078 (ll.¹1p'‚388.)Heyn.

929 1089 1075 1112 excursu
1101 1080 1155 1113 15.
1182 1078 1226 1112 ad
1259 1082 1342 1113 Aen.
1368 1082 1407 1120 6,
1439 1079 1517 1115 894.
1530 1104 1539 1122 ,
1574 1079 1669 1123 virg.
1693 1080 1741 1120 2.,

928 1135 964 1169 p.
992 1125 1091 1158 1041.
1119 1125 1151 1158 4.
1178 1124 1250 1158 ed.=
1290 1126 1361 1167 „de
1400 1126 1536 1159 ratione
1569 1124 1681 1158 eboris
1706 1130 1743 1158 et.

928 1181 1033 1203 cornu
1065 1169 1109 1203 ad
1144 1176 1260 1214 portas
1294 1171 1412 1204 Somni
1449 1170 1609 1204 translati
1643 1169 1743 1203 varia

927 1220 1007 1249 sunt
1030 1222 1185 1250 veterum
1210 1223 1246 1249 et
1267 1216 1492 1250 recentiorum
1517 1217 1741 1261 interpretum

929 1262 973 1295 ad
1017 1261 1235 1297 Homericum
1285 1268 1322 1295 et.
1365 1263 1588 1306 Virgilianum
1630 1262 1741 1295 locum

929 1308 1071 1341 somnia.
1119 1307 1338 1342 verisimilior
1373 1320 1415 1341 ex
1448 1309 1492 1341 iis
1515 1309 1665 1342 sortasse
1687 1307 1742 1340 in-

928 1353 1134 1398 terpretatio
1173 1358 1225 1387 est
1263 1354 1364 1396 haec,
1397 1354 1558 1399 apposita
1592 1353 1694 1388 etiam
1717 1364 1739 1386 a

926 1400 1107 1434 macrobio
1141 1400 1185 1434 ad
1221 1399 1337 1433 Somn.
1376 1400 1435 1433 Sc.
1474 1405 1515 1442 1,
1551 1400 1607 1440 3.,
1647 1399 1740 1442 quod

928 1446 1022 1485 ebur,
1049 1447 1114 1479 etsi
1136 1446 1287 1480 candore
1318 1457 1379 1479 suo
1414 1447 1523 1479 lucem
1551 1446 1737 1490 promittit,

926 1497 1042 1525 tamen
1082 1504 1155 1526 non
1195 1493 1402 1525 transmittit
1432 1494 1545 1526 visum
1582 1492 1739 1535 adeoque

920 1538 1045 1580 fallit,
1070 1549 1174 1571 cornu
1198 1543 1317 1571 contra
1337 1539 1548 1581 pellucidum
1571 1543 1633 1572 est.
1673 1548 1738 1570 no-

926 1584 959 1617 lo
986 1583 1073 1617 enim
1095 1583 1282 1628 suspicioni
1308 1585 1416 1617 locum
1440 1585 1538 1625 dare,
1560 1583 1596 1617 in
1621 1594 1736 1628 quam,

925 1630 1053 1671 fateor,
1093 1629 1221 1672 incidi,
1263 1634 1372 1663 totum
1412 1631 1477 1664 boc
1514 1635 1738 1663 commentum

928 1687 1004 1709 esse
1037 1688 1058 1709 a
1094 1677 1171 1710 lusu
1211 1676 1414 1709 verborum:
1460 1680 1539 1709 sunt
1582 1674 1736 1717 ὄνειροι,

927 1732 1069 1765 quorum
1113 1728 1168 1755 est.
1203 1720 1247 1756 τό
1287 1719 1572 1766 ἐλεφαίρεσθαι,
1618 1722 1736 1766 itaque

926 1768 1069 1802 veniunt
1102 1766 1166 1802 διὰ
1200 1766 1415 1811 ἐλέφαντοςε
1455 1768 1514 1801 alii
1543 1771 1641 1809 sunt,
1675 1766 1736 1812 qui

926 1815 1140 1856 κραίνουσι,
1171 1812 1265 1858 iique
1297 1814 1440 1849 veniunt
1465 1812 1528 1848 διὰ
1551 1812 1708 1857 κεράων
1711 1812 1736 1832 “

927 1861 974 1894 cf.
1006 1860 1114 1894 Schn.
1146 1872 1179 1893 v.
1214 1859 1405 1903 ἐλεφαίρω.
1467 1860 1601 1904 frigida
1635 1860 1734 1901 haec,

926 1917 971 1940 ne
994 1906 1075 1950 quid
1101 1906 1244 1950 gravius
1269 1906 1400 1948 dicam;
1437 1911 1490 1939 est
1517 1917 1559 1939 ue
1582 1905 1638 1940 hic
1662 1905 1736 1939 for-

926 1956 1021 1985 tasse
1051 1951 1148 1985 locus
1180 1964 1221 1986 ex
1253 1951 1327 1993 iis,
1360 1953 1396 1986 in
1391 1919 1551 2003 quiiius
1585 1951 1734 1985 Flaccus

925 1998 1108 2031 Homerum
1143 1998 1194 2032 ait
1227 1998 1425 2033 dormitare.
1466 1988 1534 2031 sed
1557 1996 1734 2045 ejusmodi

925 2044 1055 2077 lusibus
1080 2043 1182 2077 etiam
1213 2044 1359 2088 Tragici
1393 2042 1522 2088 aliique
1547 2047 1672 2087 poetae
1697 2048 1735 2077 et

924 2090 1127 2143 scriptores
1154 2089 1327 2133 gaudent,
1365 2101 1502 2134 quoque
1536 2090 1614 2123 sere
1657 2089 1734 2134 quis

927 2140 980 2168 est
1012 2135 1242 2179 ingeniosior,
1283 2147 1324 2170 eo
1365 2135 1472 2179 magis
1509 2135 1571 2169 hoc
1604 2146 1734 2191 genere

927 2181 1093 2215 delectari
1117 2181 1217 2215 solet.
1248 2201 1292 2206 —
1330 2181 1379 2215 Ε.
1412 2181 1658 2236 οἷμενηνοι
1691 2178 1733 2216 δὲ

928 2224 1089 2270 ὄνειροι,
1132 2227 1168 2262 οἱ
1202 2228 1496 2283 φαντασιοῦντες
1531 2224 1581 2271 μή
1615 2238 1735 2271 στερε-

923 2275 1040 2317 μνίως
1063 2287 1110 2307 τα
1133 2273 1338 2320 βλεπόμενα
1368 2289 1400 2309 κ.
1426 2272 1475 2314 ὠς
1500 2274 1616 2308 εἰπεῖν
1639 2271 1733 2316 μετά

925 2333 1025 2360 τινος
1048 2319 1202 2364 μένους·
1234 2321 1376 2364 εἴρηται
1408 2319 1448 2355 δὲ
1478 2319 1573 2356 καθ’
1605 2315 1735 2362 ομοιό-

923 2379 1016 2410 τητα
1039 2380 1114 2400 των
1145 2365 1340 2411 ἀμενηνῶν
1373 2365 1411 2401 ἐν
1442 2363 1538 2401 ἅδον
1569 2365 1734 2401 εἰδώλων

923 2413 972 2456 (v.
995 2411 1037 2448 κ’.
1037 2414 1146 2468 521)
1171 2414 1244 2447 τῶν
1268 2412 1307 2448 ἐν
1332 2414 1378 2458 τῇ
1398 2403 1542 2469 Νέκυίςι
1565 2411 1630 2448 δια
1655 2412 1732 2468 (?)

921 2472 984 2494 και
1008 2456 1050 2495 τὸ
1083 2460 1261 2516 συγγενῶς
1294 2458 1416 2494 ἐκεῖνα
1445 2459 1539 2501 πρὸς
1571 2472 1660 2499 τους
1693 2457 1734 2494 ὀ·

921 2507 1067 2560 νείρονς
1089 2503 1184 2550 ἔχειν
1207 2504 1302 2540 κατὰ
1325 2505 1366 2541 τὸ
1392 2504 1455 2549 (λ’,
1478 2507 1578 2549 221),
1602 2503 1730 2550 ’ψυχὴ

923 2551 963 2588 δ’
1009 2549 1116 2596 ἠύτ’
1163 2551 1358 2596 ὄνειρος
1401 2550 1729 2606 ἀποπταμένη

922 2597 1204 2642 πεπότηται.
1234 2619 1280 2623 -
1319 2611 1640 2642 τετενχαται,
1666 2600 1731 2641 fa-

923 2650 1001 2678 ctae
1037 2650 1126 2678 sunt
1185 2643 1230 2690 β’,
1264 2646 1328 2699 63,
1361 2645 1402 2679 ΙΙ.
1427 2643 1471 2686 ν’,
1505 2645 1551 2678 ΞΞ
1583 2652 1650 2678 etc
1684 2662 1730 2669 —

923 2689 1131 2735 πριστοῦ
1167 2689 1225 2724 ἐλ.
1273 2689 1318 2732 σ’,
1355 2692 1430 2728 196.
1491 2691 1616 2734 ‚,Virg.
1642 2689 1728 2723 Aen.

924 2739 964 2778 3,
999 2737 1100 2772 464..
1140 2743 1296 2781 sectoque
1327 2738 1519 2782 elephanto.
1524 2739 1547 2755 “
1591 2735 1646 2770 Cl.
1682 2756 1730 2762 —-—

925 2786 1011 2826 Ap:
1048 2782 1412 2826 ἐλεφαίρονται.
1461 2780 1666 2839 βλάπτουσι
1696 2793 1729 2815 κ.

923 2827 1146 2871 έξαπατωσι.
1201 2842 1264 2863 και
1307 2830 1418 2872 (fort.
1450 2827 1526 2872 ὡς)
1567 2826 1730 2883 ἐλεφη-

925 2873 1134 2918 ράμενος
1158 2875 1219 2919 (11.
1230 2873 1284 2920 ψ’,
1309 2876 1417 2918 388),
1441 2873 1524 2910 ἀντι
1549 2875 1618 2908 τοῦ
1642 2873 1730 2930 βλά-

925 2929 1014 2964 ψας.
1060 2922 1232 2963 „Nonnus
1256 2921 1399 2967 Dionys
1417 2921 1478 2964 34,
1506 2922 1582 2956 89.
1607 2918 1733 2955 υπναὶ-
