1821 3288
537 89 1128 136 ΟΔΤΣΣΕΙΑΣ
1177 92 1233 132 Σ.

1664 95 1723 136 45

214 204 360 259 ωσπερ
391 202 519 274 ἐγων,
549 203 688 259 ὄλβον
717 203 764 247 δὲ
792 201 891 245 θεοὶ
919 201 1156 257 μέλλουσιν
1186 197 1381 254 ὀπάζειν.

129 267 185 307 20
214 262 335 331 χερσὶ
363 261 409 304 δε
439 260 542 316 μήτι
571 263 671 317 λίην
701 260 977 329 προκαλίζεο,
1008 258 1068 315 μή
1098 273 1151 313 με
1179 258 1395 315 χολώσῃς,

215 318 274 387 μη
304 329 364 366 σε,
393 318 536 399 21¹5va
563 333 644 372 περ
677 317 776 369 ἐών,
811 320 974 372 στῆθος
1002 316 1077 359 καὶ
1106 316 1260 386 χείλεα
1277 316 1442 389 φύρσω

219 376 421 427 αἴματοςέ
455 373 613 444 ἡσυχίη
644 373 691 417 δ’
721 374 778 417 ἄν
810 373 907 427 ἐμοὶ
937 372 1011 416 καὶ
1039 375 1207 428 μᾶλλον
1238 372 1302 414 ἔτ’
1313 374 1402 444 εἴη

220 431 407 483 αὔριον·
440 430 495 474 ου’
523 432 603 487 μὲν
632 430 714 486 γάρ
744 431 786 474 τί
816 429 860 473 σ’
891 429 1250 483 ὑποστρέψεσθαι
1281 427 1359 471 ὀΐω

164 500 169 505 ’
225 489 433 540 δεύτερον
463 488 506 540 ἐς
536 489 731 557 μέγαρον
759 486 1039 540 Λαερτιάδεω
1067 485 1335 558 Ὀδυσῆος.“

133 547 190 591 25

314 546 404 587 Τόν
437 545 484 588 δὲ
513 543 820 615 χολωσάμενος
847 541 1162 599 προσεφώνεεν
1185 538 1297 611 ἵΙρος
1327 540 1514 608 ἀλήτης·

216 618 287 656 ,,ω
320 601 469 654 πόποι,
501 602 561 653 ὥς
591 600 614 645 ὁ
647 600 871 687 μολοβρὸς
900 600 1193 655 ἐπιτροχάδην
1225 598 1442 655 ἀγορεύει,

219 660 325 726 γρηϊ
352 664 534 727 καμινοῖ
563 657 688 710 ἶσος]
717 658 769 702 ὂν
804 674 860 701 αν
889 657 1002 700 κακὰ
1029 658 1310 726 μητισαίμην,

216 714 394 758 κόπτων
425 715 711 772 άμφοτέρησι,
740 715 874 783 χαμαὶ
905 713 951 756 δέ
981 730 1029 756 κε
1058 713 1225 764 πάντας
1255 712 1445 766 ὀδόντας

221 777 440 827 γναθμῶν
471 772 730 844 ἐξελάσαιμι,
762 770 870 820 συός
901 769 958 820 ὥς
988 773 1274 826 ληϊβοτείρης.

131 834 187 874 80
219 832 350 882 ζῶσαι
381 835 478 881 νῦν,
513 832 586 872 ι’να
616 830 777 878 πάντες
810 825 1058 881 ἐπιγνώωσι
1085 828 1160 869 καὶ
1191 829 1284 870 οἵδε

215 888 548 943 μαρναμένους1
581 890 677 936 πῶς
708 883 752 928 6'
785 884 840 927 ἂν
870 883 925 927 6v
955 885 1154 938 νεωτέρω
1185 883 1318 938 α’νδρὶ
1348 883 1581 940 μάχοιο,·“

266 991 434 1035 gliscente
454 988 571 1034 jurgio
596 988 708 1034 proci,
734 986 978 1023 delectationis
1002 998 1118 1029 causa,
1150 986 1276 1020 luctari
1299 986 1378 1021 illos
1405 987 1548 1033 jubent,
1572 986 1725 1035 praemio

185 1037 378 1084 proposito.

284 1102 371 1154 ““.Ω.ς
405 1104 449 1147 οἱ
476 1118 557 1158 μεν
584 1101 867 1157 προπάροιθε
895 1100 1085 1153 θυράων
1112 1098 1341 1170 υψηλάων,

216 1159 358 1204 οὐδοῦ
390 1161 459 1203 ἔπι
489 1162 663 1231 ξεστοῦ
704 1160 1006 1213 πανθυμαδὸν
1035 1156 1297 1212 ὀκριόωντο.

217 1224 336 1261 τοῖϊν
368 1218 414 1260 δὲ
445 1216 617 1272 ξυνέηχ’
654 1217 775 1270 ἱερὸν
804 1217 960 1285 μένος
963 1215 1219 1264 Ἀντινόοιο,

136 1279 191 1321 35
223 1274 310 1332 ἡδὺ
342 1273 383 1317 δ’
415 1273 492 1326 ἄρ’
522 1274 757 1344 ἐκγελάσας
786 1272 1032 1343 μετεφώνεε
1061 1271 1403 1343 μνηστηρεσσιν·

297 1326 383 1385 „62
414 1330 635 1400 φίλοι,οὐ
666 1331 747 1386 μέν
775 1330 844 1374 πώ
874 1347 916 1373 τι
944 1329 1089 1385 πάρος
1119 1333 1326 1374 τοιοῦτον
1355 1327 1534 1388 ἐτύχθη,

218 1390 321 1442 οιήν
350 1387 579 1457 τερπωλὴν
613 1388 716 1439 θεὸς
746 1387 910 1444 η’γαγεν
940 1387 985 1438 ἐς
1018 1387 1118 1430 τόδε
1149 1389 1298 1443 δῶμα·

222 1445 247 1492 ὁ
278 1444 419 1500 ξεῖνός
448 1461 493 1490 τε
523 1445 599 1490 καὶ
622 1446 745 1501 Ἰρος
773 1445 967 1502 ἐρίζετον
996 1443 1221 1501 ἀλλήλοιιν

39 1593 112 1641 γοῖρ
134 1592 177 1630 τό
201 1594 266 1637 τῆς
291 1591 402 1639 τύχης
425 1592 555 1636 ρεῦμα.
578 1611 625 1617 —-
648 1591 860 1636 μέλλον·
904 1593 1095 1638 νεύτριαν.
1115 1591 1201 1638 ἤτοι
1219 1602 1460 1636 φρυττουσαν
1471 1588 1611 1632 κριθάς
1633 1583 1728 1632 πρός

43 1654 116 1677 σιν
142 1640 361 1683 ὀπάζειν,
396 1640 504 1681 dant,
537 1639 593 1673 vel
617 1642 725 1674 solent
750 1641 860 1683 dare;

43 1689 167 1725 Voss:
202 1688 397 1721 wohlstand
433 1688 478 1720 ist
501 1687 586 1730 ,ιζαὸ’
612 1688 862 1721 unsterblichcr

44 1739 172 1779 giitter
197 1747 234 1769 v.
259 1735 365 1768 Schn.
392 1745 423 1766 V.
450 1733 580 1776 μέλλω.
605 1753 650 1758 —
682 1747 862 1775 προκα-

44 1783 197 1824 λίζεο,
219 1792 381 1824 provoca.
406 1777 459 1819 θ’,
486 1781 567 1819 228,
593 1779 632 1812 ΙΙ.
657 1779 700 1824 γ’,
727 1782 770 1815 19
795 1789 862 1815 etc.

46 1846 92 1853 --
126 1826 187 1870 μή
224 1838 270 1861 σε
304 1844 350 1850 -
384 1826 609 1868 αἵματος.
669 1826 863 1871 asyndeton

47 1886 68 1907 e
71 1874 328 1928 pexegeticum,
355 1873 448 1916 quod
476 1872 638 1905 convenit
661 1873 762 1906 irato.
809 1874 862 1907 si-

47 1920 173 1954 militer
200 1919 241 1952 ΙΙ.
266 1918 309 1958 ο’,
324 1919 379 1953 31.
393 1932 401 1951 2
425 1918 501 1953 τῶν
526 1915 567 1952 σ’
593 1915 699 1959 αὖτις
722 1917 862 1964 μνήσω,

48 1964 94 2001 ἵν’
121 1964 328 2009 απολλήξῃς
351 1962 546 2008 ἀπατάων,
562 1962 693 2008 ’Όφρα
713 1966 774 2010 ἴδῃ
794 1974 862 2000 etc.

47 2031 93 2039 -—
118 2010 284 2063 φύρσω
321 2012 528 2055 αιματος
553 2010 642 2045 dixit
675 2019 713 2045 ut
737 2015 863 2046 λελου-

46 2057 157 2103 μένος
191 2061 370 2093 ωκεανοῖο
403 2070 468 2110 pro
504 2056 653 2102 ω’)ιεανῷ
686 2059 725 2092 ΙΙ.
761 2055 801 2101 ε’,
827 2060 862 2101 6,

47 2105 107 2140 ubi
131 2117 165 2141 v.
190 2117 270 2139 ann.
295 2105 350 2138 Ε·
373 2123 420 2129 —
445 2104 517 2139 εστι
544 2102 585 2138 δὲ
611 2103 794 2149 φύρσαι
817 2103 859 2139 τὸ

46 2153 208 2195 μολῦναι
243 2166 275 2185 κ.
302 2148 461 2194 συγχέαι.
499 2149 592 2187 οθεν
625 2152 688 2187 καὶ
712 2150 862 2198 φύρδην

48 2199 269 2243 συγκεῖσθαί
291 2211 377 2232 τινα
400 2197 597 2297 λέγονταιέί
607 2218 652 2224 -

93 2258 182 2291 26-
188 2257 246 2291 30.
269 2254 530 2310 μολοβρός.
602 2256 716 2294 ,219.
738 2255 863 2289 —E.

49 2300 389 2360 ἐπιτροχάδην.
417 2303 472 2356 (ΙΙ.
497 2299 541 2347 γ’,
561 2302 658 2345 213.)
685 2303 864 2336 σπουδαί-

49 2362 100 2389 ως
122 2363 155 2383 κ.
180 2347 261 2383 κατ’
284 2346 506 2393 ἐπιδρομήν·
531 2349 643 2383 τοῦτο
666 2346 707 2383 δὲ
732 2348 796 2383 διὰ
820 2347 863 2383 τὸ

45 2394 276 2439 κομματικὸν
299 2396 375 2430 τῶν
398 2394 553 2430 ἐννοιῶν
561 2396 749 2454 (propter
781 2407 865 2428 con-

50 2442 80 2475 οἱ
85 2453 140 2475 sas
161 2442 368 2485 sententias)
385 2442 453 2477 τοῦ
475 2439 571 2476 κατὰ
592 2441 658 2477 τὸν
675 2439 865 2476 Ὀδυσσέα

51 2487 177 2545 λόγου.
202 2486 241 2523 ἐν
258 2488 326 2543 γάρ
341 2490 476 2532 στίχοις
490 2489 578 2522 δέκα
601 2487 743 2523 ἔννοιαι
767 2491 865 2523 κεῖν-

50 2547 112 2569 ται
138 2532 231 2590 ’ὑπὲρ
256 2533 323 2576 τοὶς
355 2535 455 2570 δέκα.
504 2534 632 2577 θυμὸν
657 2536 748 2579 γοῦν
773 2539 865 2569 πλα-

48 2582 139 2636 γίως
162 2578 331 2623 ὄνειδιζει
353 2581 404 2627 τῷ
428 2580 624 2623 Ὀδυσσεῖ,
653 2587 702 2621 ως
728 2580 790 2616 οἷα
815 2577 861 2615 δι’

49 2624 164 2672 ὀργήν
174 2628 348 2662 λαλοῦντι
359 2629 605 2685 κομματικῶς.
630 2628 672 2662 τό
688 2626 727 2662 δὲ
752 2642 836 2673 γρη
848 2628 868 2663 ἰ’

48 2677 256 2716 καμινοῖ
278 2672 384 2715 ἶσος
408 2675 443 2732 οἱ
468 2674 537 2719 μὲν
560 2673 656 2709 κατὰ
681 2675 722 2710 τό
748 2674 863 2710 πολύ-

48 2723 161 2756 λοιλον
185 2721 316 2764 φασιν,
340 2717 390 2761 ὥς
414 2721 453 2756 ἐν
477 2721 661 2766 ῥητορικῷ
684 2723 863 2779 δηλοῦται

18 2800 23 2804 .
48 2768 200 2823 λεξικῷ·
232 2766 350 2810 ἐτεροι
374 2765 415 2802 δε
439 2767 481 2803 τὸ
504 2767 571 2811 μὲν
595 2768 705 2825 γρηῒ
728 2768 791 2803 διοὶ
818 2767 860 2804 τὸ

47 2802 164 2855 ῥυσὸν
180 2815 249 2848 τοῦ
267 2825 470 2857 προσωπου
495 2820 611 2856 εἱπον,
636 2815 677 2851 τό
699 2813 739 2850 δε
761 2828 864 2857 καμ.

47 2859 114 2896 διὰ
146 2859 188 2894 τό
222 2858 515 2915 ἐπιφαινόμενον
538 2862 672 2904 μέλαν,
704 2876 754 2904 ως
779 2861 862 2897 οἷον

48 2905 88 2942 ἔκ
120 2919 222 2947 τινος
259 2904 431 2953 οἷσβόλης.
483 2906 722 2962 Ἀρίσταρχος
754 2906 795 2943 δε
828 2922 861 2943 κ.

43 2949 273 2997 ἹΙρωδιανός
302 2952 493 3000 καμινοᾶ
529 2966 624 3002 φασι
653 2954 722 3002 τήν
746 2968 862 3003 καμι-

908 1640 1166 1686 εύχερεστέραν
1191 1636 1457 1683 αλευροποιΐαν
1483 1641 1553 1671 etc.
1598 1637 1702 1670 Voss.
1717 1648 1728 1670 x

908 1690 1004 1722 recht
1032 1690 1097 1722 wie
1131 1689 1187 1722 ein
1211 1687 1425 1720 helzerweib.
1470 1683 1552 1717 Cl..
1586 1685 1728 1718 vetulae

909 1736 1044 1768 camino
1070 1740 1230 1768 assuetae
1254 1734 1388 1767 similis.
1412 1750 1459 1756 —-
1482 1725 1505 1764 6
1518 1743 1539 1764 ν
1566 1749 1610 1755 -
1633 1743 1729 1774 μη-

909 1783 1159 1837 τισαίμην,
1195 1780 1250 1814 cni
1283 1780 1380 1813 mala
1415 1778 1543 1811 moliar
1575 1788 1636 1810 seu
1663 1779 1729 1819 fa-

908 1829 1011 1862 ciam.
1042 1841 1075 1862 v.
1103 1825 1138 1870 ι’,
1162 1828 1243 1862 262.
1267 1845 1315 1852 -·
1334 1836 1524 1881 αμφοτ.
1567 1821 1611 1880 ρ’,
1643 1823 1727 1858 356.

907 1892 955 1900 -—-
979 1877 1052 1908 Am.
1078 1874 1141 1908 B.:
1175 1871 1289 1913 συὸς
1321 1867 1381 1913 ὡς
1413 1871 1531 1916 ληϊβ.
1570 1883 1622 1910 ως
1649 1869 1729 1925 χοί-

910 1933 979 1963 ρου
1003 1919 1110 1965 λήιον
1135 1918 1377 1974 βοσκομένου.
1413 1917 1523 1952 είπου
1560 1915 1631 1961 γάρ
1664 1913 1729 1951 εὖ·

907 1969 1050 2010 ρι’σκετο
1087 1968 1140 2008 εἰς
1168 1965 1364 2009 ἀλλότριον
1388 1965 1526 2009 χωρίον
1553 1964 1607 2006 (h.
1632 1974 1662 1998 e.
1686 1960 1729 1997 ἐν

908 2011 1089 2058 ἀλλοτρίῳ
1121 2014 1265 2058 χωρίω)
1297 2015 1446 2056 χοῖρος,
1483 2010 1600 2046 τοῦτο
1635 2008 1728 2044 ἔπα-

909 2073 991 2104 σχεν
1033 2059 1108 2096 ὑπὸ
1143 2060 1218 2096 τῶν
1257 2057 1448 2095 δεσποτῶν
1483 2057 1554 2092 τοῦ
1586 2058 1728 2112 χωρίου

907 2105 1194 2164 κατασχόμενος.
1228 2106 1432 2160 (perperam
1458 2103 1569 2138 liber:
1594 2117 1653 2138 κ-
1663 2101 1729 2147 με’·

908 2153 986 2198 νη.)
1012 2167 1123 2194 ουτος
1148 2151 1188 2188 δὲ
1215 2152 1234 2187 6
1260 2151 1375 2195 νόμος
1397 2150 1502 2194 παρὰ
1527 2151 1728 2193 Κυπρίοις.

907 2220 955 2228 -—
978 2198 1273 2244 ἐπιγνώωσι,
1297 2203 1529 2244 cognoscant,
1553 2197 1727 2240 judicent.

910 2258 1031 2300 parum
1063 2254 1137 2289 est,
1175 2247 1266 2302 quod
1307 2247 1358 2279 ait
1390 2245 1496 2278 Seth:
1535 2243 1618 2279 α’ντὶ
1654 2243 1726 2279 τοῦ

909 2291 1136 2329 θεάσωνται.
1162 2305 1194 2326 v.
1224 2290 1276 2333 ω’,
1300 2293 1381 2327 217.

956 2340 1105 2375 32-34.
1139 2337 1290 2374 οὗδου
1325 2337 1352 2374 ἕ.
1385 2335 1616 2381 ξεστοῦ.χ
1630 2336 1725 2376 72.

911 2386 957 2421 cf.
981 2385 1033 2427 θ’,
1058 2387 1092 2429 6,
1116 2385 1156 2419 ΙΙ.
1181 2385 1223 2428 ζ,
1246 2386 1326 2420 243.
1343 2388 1482 2418 —Am.
1499 2385 1580 2418 Zet
1604 2382 1725 2418 Harl..

910 2435 1056 2467 πανθ.
1101 2430 1395 2487 ὀκριόωντο
1448 2442 1542 2473 μετα
1582 2428 1727 2470 παντὸς

909 2481 1040 2523 θυμοῦ
1068 2477 1338 2523 ἐτραχύνοντο,
1370 2475 1621 2521 ἠγριαίνοντο.
1659 2475 1728 2511 καὶ

910 2528 1061 2561 λίθον
1087 2522 1360 2570 ὀκριόεντά
1386 2534 1483 2573 φησι
1501 2524 1586 2575 (hoc
1609 2521 1728 2556 omisit

909 2573 1026 2616 Harl.)
1059 2571 1126 2608 τὸν
1147 2571 1309 2617 τραχύν,
1345 2571 1408 2605 καὶ
1441 2573 1524 2604 οἱον
1555 2564 1654 2610 ἄκρα
1686 2567 1727 2603 ε’·-

909 2632 1046 2663 χοντα,
1086 2618 1150 2654 καὶ
1176 2618 1305 2652 (scrib.
1331 2615 1408 2660 ως)
1435 2612 1642 2658 οἷκριόεντα.
1673 2615 1724 2649 cf.

910 2678 989 2700 ann.
1015 2667 1059 2699 ad
1083 2666 1122 2700 ΙΙ.
1133 2663 1182 2706 μ’,
1204 2667 1286 2700 380.
1299 2684 1343 2689 —
1369 2662 1589 2706 ξυνέηκε,
1606 2662 1726 2695 anim·-

909 2714 1075 2746 aduertit.
1112 2712 1152 2745 ΙΙ.
1167 2710 1213 2757 β’,
1239 2712 1305 2745 182
1330 2717 1397 2744 etc.
1409 2729 1452 2734 —
1488 2707 1647 2752 ἱερὸν,
1666 2719 1725 2742 sa-

908 2771 1018 2801 crum,
1035 2763 1075 2792 ut
1088 2759 1195 2803 regis.
1220 2758 1264 2791 cf.
1277 2754 1414 2801 η’,167,
1433 2755 1576 2789 inferius
1587 2755 1634 2789 60
1650 2762 1722 2788 etc.

955 2817 1104 2853 36—39.
1128 2815 1382 2856 τοιοῦτον,
1408 2811 1522 2857 οιην
1545 2823 1724 2862 τερπω-

907 2863 994 2908 λήν
1016 2883 1061 2888 -
1087 2875 1149 2908 pro
1173 2858 1352 2897 τοιοῦτόν
1376 2873 1413 2894 τι
1435 2859 1614 2904 τερπνὸν,
1637 2856 1722 2892 οἷον

908 2916 975 2944 etc.
999 2908 1099 2944 codd.
1124 2921 1234 2955 prava
1255 2906 1555 2960 interpunctione:
1572 2923 1617 2929 -
1636 2901 1720 2939 ἐτύ-

905 2959 1004 3003 2³²1·
1036 2956 1122 3003 οῖήν
1152 2960 1218 2991 etc.
1253 2973 1299 2981 ·-—
1334 2951 1541 2999 ετύχθη,
1578 2952 1717 2987 accidit.
