1821 3288
575 90 1163 134 ΟΛΤΣΣΕΙΑΣ
1220 92 1271 135 Τ.

1702 99 1761 140 93

284 194 287 195 ’
314 202 455 238 recusat
476 200 623 245 Ulysses
646 201 818 236 meliorem
842 200 1095 245 conditionem,
1131 213 1195 236 nec
1228 203 1284 237 vel
1317 203 1427 249 pedes
1448 214 1488 239 se
1510 209 1594 239 suos
1617 206 1759 241 abluen-

231 247 294 283 dos
316 248 375 283 alii
399 260 499 294 quam
524 247 606 309 anui
629 247 818 290 honestae,
850 259 939 294 quae
962 251 999 283 et
1022 248 1098 294 ipsa
1121 248 1275 283 laborum
1300 257 1446 318 experta
1467 250 1538 295 sit,
1572 252 1758 297 permissu·

228 306 302 330 rum
325 294 422 329 dicit.

148 365 233 410 335

352 362 443 433 Τὴν
472 359 518 406 δ’
548 359 918 417 ἀπαμειβόμενος
927 360 1130 435 προσέφη
1160 361 1402 420 πολύμητις
1427 362 1691 419 Ὀδυσσεύς·

260 437 335 475 ,,ω
365 418 500 491 γύναι
529 419 675 475 αἰδοίη
704 418 983 472 Λαερτιάδεω
1008 417 1247 490 Ὀδυσῆος,

261 494 361 532 ητοι
390 476 487 530 ἐμοὶ
515 479 690 531 χλαῖναι
730 476 804 519 καὶ
834 474 968 532 ῥήγεα
997 475 1257 532 σιγαλόεντα

260 533 440 590 ἤχθεθ’,
470 531 539 576 ὅτε
567 536 745 587 πρῶτον
774 533 953 601 Κρήτης
980 533 1086 589 ὄρεα
1107 533 1327 604 νιφόεντα

257 583 544 661 νοσφισάμην
573 589 642 633 ἐπὶ
671 588 778 659 νηός
808 590 889 633 ἰών
919 589 1269 661 δολιχηρέτμοιο·

147 649 230 694 340
259 650 363 692 κείω
393 645 453 701 δ’,
483 663 542 697 ως
571 645 621 690 τό
652 662 794 701 παρος
823 661 906 717 περ
937 643 1135 720 ἀΰπνους
1163 646 1326 700 νύκτας
1354 646 1508 701 ιαυον·

259 704 424 755 πολλὰς
449 703 533 758 γὰρ
553 703 626 774 δὴ
646 702 810 753 νύκτας
839 701 1037 763 αεικελίῳ
1067 705 1131 748 ἐνὶ
1160 706 1288 762 κοίτῃ

261 760 392 811 αἐσα,
421 762 497 804 καί
526 757 563 803 τ’
600 759 807 813 ἀνέμεινα
838 750 1061 817 ἐΰθρονον
1088 760 1175 805 Ἠῶ
1206 764 1322 806 δῖαν.

201 819 226 848 *
256 818 361 862 ου’δέ
391 819 432 861 τί
461 832 538 872 μοι
567 816 845 871 ποδάνιπτρα
873 819 1026 860 ποδῶν
1058 818 1274 889 ἐπιήρανα
1302 821 1438 878 θυμῷ

257 877 478 946 γίγνεται
501 871 605 917 οὐδὲ
633 872 747 929 γυνὴ
776 872 915 924 ποδός
945 874 1101 926 ἅψεται
1129 875 1360 932 ἡμετέροιο

144 934 228 981 345
256 932 396 981 τάων,
427 930 478 973 αἴ
500 946 569 972 τοι
598 930 724 984 δῶμα
753 928 865 972 κάτα
895 929 1147 986 δρήστειραι
1176 933 1325 985 εἀσιν,
1373 969 1376 973 .
1442 970 1445 974 .

257 990 295 1034 εἰ
324 987 382 1043 μή
412 1003 478 1037 τις
505 1002 646 1041 γρηυς
675 985 763 1029 ἐστὶ
791 987 977 1042 παλαιὴ,
1015 987 1140 1031 κέδν’
1171 990 1339 1040 είδυια,

253 1042 349 1114 ἥτις
378 1042 431 1099 δη
448 1043 635 1117 τέτληκε
667 1042 776 1086 τόσα
806 1044 984 1098 φρεσὶν,
1016 1044 1127 1089 ὅσσα
1156 1045 1200 1088 τ’
1229 1045 1315 1100 ἐγώ
1344 1060 1449 1100 περ·

253 1100 388 1158 τήνδε
415 1098 462 1145 δ’
492 1098 550 1144 α“ν
581 1096 636 1142 οὐ
670 1100 913 1156 φθονέοιμι
941 1103 1097 1146 ποδων
1128 1101 1331 1155 ἅψασθαι
1360 1103 1521 1158 ἐμεῖο.“

325 1226 435 1262 quare
458 1214 669 1260 Eurycleam
689 1213 728 1248 id
751 1215 784 1249 ei
811 1214 962 1251 officium
987 1220 1170 1264 praestare
1196 1217 1296 1262 jubet
1320 1204 1508 1263 Penelope.

333 1284 422 1327 Τὸν
454 1281 501 1327 δ’..
529 1277 632 1326 αὖτε
661 1283 890 1354 προσέειπε
919 1287 1149 1356 περίφρων
1184 1286 1481 1357 Πηνελόπεια·

132 1343 218 1389 350
248 1341 396 1394 ,,ξεῖνε
430 1338 544 1396 φίλ’,
574 1339 642 1383 οὐ
657 1340 743 1396 γάρ
773 1341 844 1384 πώ
873 1359 938 1392 τις
966 1343 1083 1415 ἀνὴρ.
1108 1343 1387 1397 πεπνυμένος
1415 1343 1502 1387 ὦδε

249 1400 405 1452 ξείνων
433 1399 693 1455 τηλεδαπῶν
723 1400 885 1454 φιλίων
912 1399 1023 1456 ἐμόν
1053 1402 1168 1444 ἵκετο
1199 1402 1349 1457 δωμα,

73 1569 176 1594 sensu
207 1557 333 1603 Eurip.
364 1555 454 1592 dixit
491 1553 645 1593 ἀκούειν
689 1555 737 1592 τοὶ
771 1556 890 1594 ἐσθλοὶ

74 1605 214 1640 Heracl.
240 1605 320 1640 964.
363 1615 543 1659 perperam
569 1603 599 1637 E
624 1602 761 1639 ἐσθλόν
784 1604 890 1639 intel-

73 1651 161 1686 lexit
191 1649 328 1687 ἐσθλόν
366 1648 506 1694 ἄνδρα.
546 1649 589 1685 τὸ
630 1646 670 1685 δε
715 1652 889 1687 πολλοί

73 1710 155 1755 μιν
187 1695 216 1734 ἐ.
251 1696 414 1733 ἔειπον
444 1695 607 1753 α’κριβιιῖς
645 1695 803 1754 ἐρ’ῥέθη,
839 1696 890 1739 ὥς

74 1742 126 1789 μὴ
160 1743 325 1780 δυνατὸν
357 1742 402 1778 ὂν
434 1739 509 1778 ’ὑπὸ
542 1741 694 1785 πάντων
727 1742 890 1780 ἐπαινεῖ-

76 1792 171 1826 σθαί
203 1802 309 1832 τινα,
353 1785 474 1832 ὥσπερ
508 1786 598 1823 οὐδὲ
631 1792 888 1834 γνωρίζεσθαι.

73 1848 174 1883 quem
197 1836 319 1871 nollem
343 1835 500 1869 meliores
523 1839 665 1870 secutos
689 1848 776 1876 esse.
830 1849 890 1871 ce-

73 1887 188 1924 terum
212 1893 371 1927 quaeras,
398 1892 458 1915 cur
483 1877 620 1916 ἐσθλον
646 1883 746 1916 Ηοιιι.
771 1881 889 1917 dicere

72 1922 236 1963 maluerit
258 1939 360 1973 quam
384 1919 501 1963 ἐσθλοὶ
533 1927 606 1962 sine
639 1929 799 1974 ambiguo
833 1934 888 1963 at—

73 1986 140 2021 que
160 1974 447 2008 homoeoteleuto.
471 1973 540 2008 fuit
561 1985 646 2008 sane
665 1985 739 2008 cum
764 1975 799 2008 id
825 1987 888 2020 po-

70 2021 219 2055 nendum
244 2019 486 2060 existimarem,
511 2031 573 2064 pro
595 2032 704 2065 eoque
721 2021 885 2065 scriptum

68 2065 219 2104 ἐσθλὸν
243 2065 364 2099 menda
381 2065 578 2108 tralaticia;
602 2066 744 2101 necdum
764 2067 885 2112 poeni-

68 2117 122 2148 tet
144 2113 375 2157 conjecturae.

115 2160 237 2199 337—
246 2158 326 2194 346.
383 2158 439 2192 E:
488 2152 601 2202 ἦτοι
641 2176 688 2184 -·
730 2159 884 2216 δολιχ.

70 2204 164 2250 λέγει
193 2206 316 2240 ταῦτα
336 2201 446 2246 Ὀδ.,
470 2203 611 2248 ἐθέλων
647 2218 716 2250 εως
747 2204 884 2250 αὔριον

69 2250 130 2288 ἐπὶ
153 2250 341 2297 σχήματος
372 2251 620 2310 (personatus,
645 2245 765 2286 habitu
790 2260 882 2287 men-

69 2298 169 2344 dici)
192 2298 337 2342 μένειν,
372 2298 434 2331 ἵνα
465 2298 516 2343 μή
548 2296 670 2333 πόθεν
693 2295 882 2334 ὑποπτευ-

67 2346 162 2401 θῇ,
187 2343 309 2383 ὀκνῶν
345 2342 386 2378 δὲ
420 2344 483 2379 καὶ
513 2346 704 2382 νίψασθαι
738 2345 803 2381 διοὶ
836 2346 877 2381 τό

67 2404 164 2427 κατα
212 2392 288 2426 τῶν
333 2390 508 2434 δμωίδων
546 2389 792 2437 βαρύνεσθαι.
836 2411 881 2417 -

69 2435 312 2483 Κρήτηςὸ.
336 2448 471 2492 νοσφ.
520 2449 556 2470 v.
579 2439 661 2473 579.
685 2459 730 2464 —
757 2440 881 2473 δολι-

401 2482 446 2525 ὁ’,
480 2483 572 2526 499,
607 2482 660 2524 θ’,
706 2485 771 2520 191
810 2489 879 2518 etc.

539 2528 792 2587 μακρόκωποι.
833 2549 880 2556 -·

67 2485 344 2537 χηρέτμοιο.

67 2532 153 2576 Ape
201 2528 468 2586 δολιχήρετμοι.

67 2578 204 2620 κείω,
228 2578 368 2617 cubabo.
414 2574 468 2620 θ’,
492 2577 561 2612 315
587 2585 654 2611 etc.
680 2595 724 2601 -—
750 2574 878 2619 ἄεσα,

66 2624 232 2668 requievi.
289 2621 332 2668 γ’,
379 2624 444 2659 151
480 2628 547 2659 etc.
585 2642 631 2649 —-
677 2623 878 2658 ποδάνι-

65 2681 189 2714 πτρα
220 2669 380 2706 ποδοῖν
411 2668 502 2703 dixit.
538 2681 602 2715 per
632 2669 876 2724 pleonasnium,

68 2721 109 2750 ut
143 2716 245 2763 βοῶν
278 2712 541 2758 ἐπιβουκόλος,
580 2717 680 2750 συῶν
720 2715 877 2762 συβόσια

65 2767 134 2797 etc.
159 2764 211 2805 (v.
240 2759 283 2807 γ’,
307 2761 407 2805 422.)
441 2773 531 2806 quae
567 2766 681 2796 tamen
706 2763 788 2796 mihi
823 2763 876 2796 vi-

66 2808 192 2843 dentur
215 2789 357 2843 leuiora.
406 2818 514 2863 quare
548 2808 641 2842 haud
665 2820 877 2853 spernerem,

65 2854 96 2889 si
119 2854 198 2889 libri
222 2856 409 2895 offerrent,
434 2851 648 2898 ἀπόνιπτρα
670 2855 812 2896 ποδων,
838 2861 877 2889 ut

65 2900 224 2935 continue
246 2902 412 2946 scriptum
431 2899 732 2945 μοιαπόνιπτρα.
756 2901 875 2946 negle-

63 2951 121 2983 cto
146 2960 172 2984 α
195 2954 341 2995 propter
365 2959 403 2982 οι
425 2946 556 2990 simile,
581 2947 706 2983 abiisse
731 2953 875 2994 putare-

934 1562 994 1594 tur
1015 1559 1054 1594 in
1075 1554 1348 1604 μοιπόνιπτρα,
1383 1558 1463 1595 dein
1493 1557 1613 1595 sedulo
1638 1561 1749 1593 muta-

935 1612 1006 1640 tum
1046 1618 1167 1641 sensus
1215 1619 1321 1643 causa
1358 1608 1393 1642 in
1411 1604 1746 1664 μοιποδοὶνιπτρα.

937 1653 1047 1687 verba
1085 1651 1273 1697 οἷπονίζειν
1302 1658 1352 1689 et
1397 1652 1619 1689 ἀπονίπτειν
1661 1651 1749 1686 satis

934 1699 1134 1744 frequentia
1157 1706 1237 1735 sunt
1261 1701 1351 1745 apud
1375 1700 1580 1742 Homerum;
1616 1696 1747 1734 ἀπόνι-

935 1757 1052 1787 πτρον
1085 1752 1201 1781 autem
1233 1748 1339 1781 habet
1377 1743 1630 1800 Aristophanes
1660 1745 1746 1779 Ach.

935 1793 1016 1834 582.
1065 1793 1133 1827 suit
1167 1799 1204 1827 et
1234 1805 1310 1828 cum
1344 1793 1476 1827 mallem
1498 1791 1746 1836 πεδάνιπτρα,

934 1838 970 1873 h.
1005 1851 1037 1872 e.
1072 1838 1320 1883 μετάνιπτρα,
1358 1840 1419 1873 sed
1463 1851 1504 1873 eo
1548 1850 1670 1880 sensu,
1707 1843 1748 1872 ut

935 1885 1202 1920 communionem
1227 1885 1412 1920 lavationis
1446 1885 1661 1930 significaret
1683 1896 1746 1928 με-

933 1927 980 1964 τὰ
1014 1932 1250 1976 praepositio,
1293 1931 1392 1977 quasi
1425 1931 1544 1968 dicas
1563 1932 1628 1967 das
1662 1931 1746 1965 Mit-

932 1978 1112 2019 waschen3
1152 1990 1253 2022 quam
1294 1978 1559 2024 communionem
1593 1968 1755 2012 medeste'

930 2029 1089 2057 recusat.
1104 2025 1280 2058 mendicus
1307 2017 1524 2079 personatus.
1580 2023 1745 2069 ejusmodi

930 2070 1098 2104 vocabula
1121 2076 1204 2104 sunt
1227 2071 1404 2114 πεδαίρω,
1419 2068 1629 2122 πεδαρσιος,
1652 2071 1753 2125 ⁷186--

933 2116 1101 2160 αι’χμιος,
1132 2117 1341 2162 πεδάφρων
1372 2122 1440 2151 etc.
1454 2143 1464 2161 ‚
1500 2117 1587 2162 qu‘ae
1618 2117 1755 2165 verisi-¹

930 2163 1009 2196 mile
1043 2162 1184 2197 videtur
1216 2168 1340 2208 magna
1375 2175 1417 2198 ex
1454 2168 1554 2209 parte
1578 2169 1757 2208 corrupta*

929 2216 1034 2253 atque
1072 2208 1275 2244 oblitterata
1315 2220 1391 2243 esse
1431 2220 1453 2244 a
1494 2209 1658 2244 librariis.
1695 2227 1744 2235 —-

929 2256 1003 2288 Am.
1037 2255 1098 2288 Β.·
1133 2253 1382 2311 ἐπιήρανα.
1439 2256 1629 2301 προσηνῆ,
1663 2253 1742 2292 απδ

927 2302 998 2336 τοῦ
1021 2299 1123 2346 ἐρᾷν.
1170 2301 1236 2336 ἰιιιο
1262 2303 1306 2336 ab
1332 2314 1454 2346 αρειν,
1477 2313 1540 2347 pro
1559 2301 1756 2347 ἐπιήρανα,ἱ

927 2348 1209 2403 quemadmodum
1248 2346 1374 2392 ἐπαρω
1407 2348 1544 2384 dicitur.
1592 2360 1625 2382 v.
1660 2351 1756 2394 ann?-

928 2393 971 2426 ad
997 2393 1038 2429 ΙΙ.
1062 2393 1110 2436 α’,
1135 2395 1217 2429 572.
1247 2415 1294 2420 -
1326 2393 1639 2450 δρήστειραι,
1672 2395 1741 2428 mi-

926 2440 1069 2475 nistrae.
1117 2408 1412 2487 δρηστῆραςη
1422 2440 1510 2475 dixit
1531 2440 1580 2483 π’,
1610 2440 1679 2476 248
1703 2445 1740 2476 et

927 2497 968 2526 6,
993 2487 1048 2520 75.
1074 2506 1120 2512 —-
1143 2489 1291 2532 γρηῦς
1315 2485 1516 2531 παλαιή,
1542 2492 1581 2521 ut
1604 2490 1739 2522 παλαι-

924 2533 1032 2576 γενὴς
1060 2531 1373 2578 χ’,395,11.γ’,
1414 2535 1496 2569 386
1561 2533 1739 2578 emphasin

924 2579 1029 2613 habet
1053 2579 1205 2614 additum
1237 2579 1357 2614 similis
1385 2579 1652 2625 significationis
1675 2579 1739 2615 ad-

919 2625 1105 2668 ᾗεοιίνυω,
1130 2627 1411 2671 quemadmodum
1435 2631 1471 2660 et
1494 2631 1666 2660 nostrates
1683 2626 1738 2660 di-

922 2676 1003 2705 cant
1035 2673 1110 2706 eine
1146 2674 1218 2706 alte
1250 2674 1399 2708 Greisin.
1431 2691 1477 2697 —-
1511 2669 1640 2708 κέδν’
1674 2673 1737 2708 εἰ-

922 2718 1065 2762 δυῖα,
1090 2719 1281 2798 “bonarum
1324 2720 1399 2752 sive
1442 2718 1575 2752 utilium
1618 2730 1736 2753 rerum

921 2765 1040 2797 sciens.
1127 2765 1242 2805 ,428.
1291 2765 1337 2800 cf.
1362 2776 1439 2802 ann.
1466 2763 1510 2798 ad
1535 2764 1575 2799 11.
1602 2764 1639 2808 ι’,
1665 2767 1736 2801 586

923 2814 958 2844 et
982 2810 1084 2854 hujus
1106 2811 1186 2844 libii
1211 2811 1291 2847 329.

966 2823 1090 2892 3561-
1102 2857 1183 2891 360,
1242 2853 1297 2891 οὗ
1332 2854 1422 2901 γάρ
1459 2875 1505 2883 —-
1534 2854 1733 2902 ἀγορεύ-

920 2913 1000 2943 εις.
1047 2902 1219 2937 sententia
1252 2903 1401 2937 causalis
1425 2902 1542 2959 priore
1565 2903 1641 2938 loco
1666 2916 1731 2949 po·-

919 2947 1007 2992 sita,
1032 2960 1126 2985 more
1151 2949 1378 2986 Graecorum.
1426 2960 1462 2987 v.
1487 2947 1535 2993 α’,
1569 2951 1638 2987 337
1662 2954 1731 2985 etc.
