1821 3288
414 98 457 144 6
511 96 678 140 ΕΙΣ
728 94 1297 144 AHMHTPAM

1588 98 1673 143 ³31

201 210 308 256 ἀλλὰ
337 211 456 253 θεῶν
481 205 562 262 μὲν
590 207 722 261 δῶρα,
751 206 823 250 καὶ
853 205 1087 275 ἀχνύμενοί
1117 220 1212 260 περ,
1243 204 1411 264 ἀνάγκη

200 266 402 320 τετλάμεν
431 263 686 336 ἄνθρωποι·
716 262 785 306 ἐπὶ
817 263 914 332 γὰρ
937 261 1065 318 ζυγὸς
1092 261 1242 332 αὐχένι
1266 269 1414 309 κεῖται.

199 328 284 367 νῦν
311 284 370 370 δμζ
398 319 528 364 ἐπεὶ
517 321 606 364 ι’κεο
635 322 780 373 δεῦρο,
807 319 1074 373 παρέσσεται,
1101 317 1211 362 ὅσσα
1240 317 1278 360 τ’
1311 319 1408 372 ἐμοί
1434 335 1529 374 περ·

199 380 334 423 παῖδα
365 377 410 421 δέ
424 393 515 447 μοι
542 375 672 432 τρέφε
700 375 839 427 τόνδε,
868 377 946 419 τὸν
975 376 1196 446 ὀψίγονον
1228 375 1301 417 καὶ
1331 375 1528 430 ἄελπτον,

88 441 171 480 220
201 433 381 479 ωπασαν
411 432 649 484 ἀθάνατοι,
677 432 954 487 πολυάρητος
984 432 1029 475 δέ
1058 434 1134 488 μοί
1162 431 1288 474 ἐστιν.

201 493 239 535 εἰ
266 489 388 544 τόνγ’
417 490 668 544 ἐκθρέψαιο,
698 489 772 532 καὶ
800 488 908 544 ἥβης
936 488 1094 542 μέτρον
1123 489 1275 538 ἵκοιτο,

202 547 298 602 ῥεῖά
325 547 373 590 κέ
401 549 465 598 τίς
494 558 540 590 σε
569 548 726 589 ἰδοῦσα
753 549 974 600 γυναικῶν
1001 543 1288 615 θηλυτεράων

203 604 407 670 ζηλώσαι·
438 602 545 646 τόσα
573 601 647 646 κέν
675 618 741 645 τοι
771 601 857 645 ἀπὸ
886 602 1129 674 θρεπτήρια
1159 601 1326 656 δοίην.“

285 660 392 729 Τήν
403 657 445 704 δ’
475 655 577 702 αὖτε
605 659 861 711 προσέειπεν
889 658 1153 714 ἐυστέφανος
1182 656 1412 728 Δημήτηρ·

88 718 172 761 225
201 749 226 769 ,,
239 733 310 759 και
342 715 411 765 σὺ,
438 717 581 772 γύναι,
610 714 725 768 μάλα
752 720 887 785 χαῖρε.
920 716 1018 758 θεοὶ
1048 715 1094 759 δέ
1123 731 1191 758 τοι
1221 713 1353 757 ἐσθλοὶ
1383 710 1613 766 πόροιενῖ

199 775 334 816 παῖδα
363 773 409 816 δέ
436 790 503 843 τρι
529 772 745 844 πρόφρων
771 771 1061 827 ὑποδέξομαι,
1092 770 1151 822 ω’ς
1177 787 1228 825 με
1257 767 1480 822 κελεύεις,
1510 805 1514 808 .

151 832 172 853 “
201 830 363 882 θρέψω.
394 829 477 873 κοῦ
506 846 593 884 μιν,
626 829 772 877 εὀλπα,
801 831 1128 898 κακοφραδίῃσι
1156 825 1339 896 τιθήνης

152 885 174 912 *
203 885 302 928 οὔτ’
333 885 409 955 ἄρ’
437 886 643 954 ἐπηλυσίη
672 883 913 954 δηλήσεται,
944 883 1050 928 οὔθ’
1080 882 1350 935 ὑποταμνόν.

149 940 298 986 ὀἶδα
325 944 410 996 γάρ
440 941 674 995 ἀντίτομον
703 941 811 995 μέγα
842 940 1054 995 φέρτερον
1083 938 1351 1004 ὑλοτόμοιο,

86 1003 169 1043 230
199 996 299 1043 οἶδα
325 998 365 1041 δ’
384 999 626 1066 ἐπηλυσίης
653 996 966 1051 πολυπήμονος
995 996 1156 1040 ἐσθλὸν
1179 992 1419 1064 ἐρυσμόν.“

262 1053 347 1104 ’Ὼς
376 1053 471 1121 α’ρα
491 1052 731 1109 φωνήσασα
758 1054 928 1096 θυωδει·
955 1053 1106 1105 δέξατο
1133 1051 1297 1107 κόλπῳ,

193 1113 340 1180 χερσίν
370 1126 392 1152 τ
446 1109 717 1167 ἀθανάτῃσι·
744 1109 919 1165 γεγήθει
947 1110 996 1153 δε
1024 1109 1165 1164 φρένα
1193 1108 1347 1165 μήτηρ.

195 1166 254 1217 ὡς
286 1165 312 1222 ἡ
343 1166 422 1222 μὲν
456 1170 629 1210 Κελεοῖο
660 1168 903 1236 δαΐφρονος
933 1165 1098 1222 ἀγλαὸν
1126 1166 1242 1213 υἱόν,

193 1222 514 1295 Δημοφόωνθ’,
546 1223 598 1267 ὃν
629 1223 790 1267 ἔτικτεν
824 1221 1012 1275 ἐΰζωνος
1041 1221 1307 1281 Μετάνειρα,

83 1282 165 1323 235
195 1280 384 1352 ἔτρεφεν
403 1280 450 1324 ἐν
478 1280 696 1336 μεγάροις.
727 1278 751 1323 ὁ
783 1276 825 1322 δ’
856 1278 1001 1331 ἀέξετο
1032 1280 1209 1334 δαίμοιι
1240 1275 1351 1326 ἶσος,

198 1336 297 1379 οὔτ’
330 1353 413 1408 ουν
440 1342 561 1380 σῖτον
590 1337 721 1389 ἔδων,
751 1353 805 1381 ου
834 1336 1105 1391 θησάμενος·

1137 1331 1350 1390 Δημήτηρ

194 1393 358 1462 χρίεσκ’
389 1392 615 1449 ἀμβροσίη,
647 1391 748 1437 ὦσεὶ
777 1396 888 1435 θεοῦ
924 1393 1182 1447 ἐκγεγαῶτα,

194 1449 279 1504 ἡδὺ
310 1452 638 1501 καταπνείουσα,
668 1449 743 1492 καὶ
769 1447 817 1490 ἐν
846 1446 1075 1491 κόλποισιν
1101 1448 1290 1516 ἔχουσιν

197 1506 360 1557 νύκτας
389 1507 434 1549 δε
463 1506 702 1559 κρύπτεσκε
729 1502 872 1556 πυρός
901 1504 1030 1559 μένει,
1057 1502 1160 1560 ἠΰτε
1192 1499 1340 1551 δαλόν,

84 1562 166 1606 240
193 1561 338 1616 λάθρα
367 1564 505 1619 φίλων
532 1561 724 1619 γονέων·
755 1564 848 1612 τοῖς
878 1562 923 1606 δὲ
950 1564 1060 1618 μέγα
1087 1563 1244 1616 θαῦμα
1269 1557 1462 1607 τέτυκτο,

27 1685 244 1722 στενόντων.
266 1687 395 1732 odyss·
414 1685 451 1730 ι’,
469 1687 610 1724 114etc.
619 1684 829 1728 -ζυγὸς,

23 1735 147 1778 jugum
171 1734 395 1768 necessitatis.
417 1739 470 1759 ⁸—
498 1729 627 1777 τόνγ’
659 1730 829 1774 ἐκθρέ-

27 1787 148 1824 ψαιο
185 1779 311 1833 primus
341 1780 456 1817 Herm.
447 1805 477 1822 .,
517 1786 556 1815 ut
586 1780 665 1815 166.
699 1778 828 1813 codex:

24 1825 96 1861 τόν
119 1838 158 1869 γε
181 1823 359 1868 θρέψαιο.

70 1873 149 1906 227.
174 1872 260 1905 bene
295 1873 414 1913 voss,
445 1870 710 1912 Mitscherlich.‚
749 1869 828 1914 ng„

25 1917 172 1952 Mamm
207 1916 338 1960 θρέψω
373 1916 424 1953 τ’.
463 1917 508 1953 οὔ
541 1931 604 1961 μιν
628 1923 695 1952 etc.
733 1927 767 1949 v.
791 1917 829 1957 3,

26 1964 103 1999 173.
131 1969 167 1997 et
190 1963 303 1998 Vossii
327 1975 405 1999 ann.
427 1964 470 1998 ad
495 1966 529 1998 h.
552 1964 575 1997 l.

70 2010 282 2045 228-230,
315 2009 563 2055 ἐπηλυσίη.
602 2007 699 2054 quasi
731 2006 827 2040 dicas

25 2054 308 2111 Beschleichung.
332 2056 507 2101 Hes)·:ch.
529 2056 719 2110 ἐπηλυσιά,
735 2051 831 2098 ἐπῳ-

26 2100 74 2143 δή
99 2113 313 2156 φαρμακων.
339 2103 385 2136 cf.
408 2105 450 2145 3,
475 2104 532 2138 37.
568 2122 614 2128 -
648 2098 829 2135 ὑποτα-

24 2147 151 2192 μνὸν.
185 2149 409 2193 probabiliter
440 2129 605 2194 ignarra:
640 2143 830 2181 ὑποτά-

25 2206 177 2238 μνων,
209 2195 353 2239 aliquis,
384 2196 441 2239 qui
464 2197 552 2228 clam
583 2193 726 2227 succidit
751 2192 830 2224 her-

26 2241 90 2274 bas
107 2240 150 2273 ad
160 2240 400 2274 fascinandum.
418 2241 538 2274 Voss.-
554 2237 639 2276 αὔτε
655 2240 825 2281 τομαῖον.

27 2304 73 2310 --
96 2287 270 2330 Hesycha
281 2286 594 2341 ἀντίτομον,
628 2284 824 2340 φάρμακον

29 2327 252 2374 ἀντιπαθες,
276 2346 365 2377 οπερ
393 2331 411 2368 ὁ
437 2332 533 2368 πιών
558 2332 603 2370 ου’
626 2331 828 2388 βλάπτεται

27 2375 103 2412 υπό
136 2391 247 2419 τινος.
286 2381 331 2414 cf.
365 2379 542 2414 Ruhnken.
574 2399 618 2404 —-
654 2376 827 2444 ὑλοτόυ

28 2435 156 2467 μοιο.
182 2435 245 2458 vox
268 2430 443 2470 corrupta.
469 2427 567 2460 Voss.
593 2436 670 2459 ann.
685 2421 827 2458 :ovio-

28 2469 171 2512 τόμοιο,
195 2470 227 2503 h.
251 2483 280 2506 e.
303 2483 378 2516 1pso
396 2472 605 2517 interprete
630 2471 757 2504 herbae
781 2469 828 2502 ad

27 2517 212 2560 perniciem
236 2519 379 2558 excisae,
401 2518 593 2552 Hermanno
619 2521 743 2557 autem,
771 2514 830 2559 qui

29 2561 66 2595 id
98 2573 166 2595 non
191 2573 330 2606 prorsus
352 2565 508 2604 damnat,
541 2565 665 2597 herbae
694 2561 830 2605 penitus

31 2609 183 2649 excisae,
224 2619 287 2642 nou
312 2609 465 2644 succisae
489 2608 730 2644 tantummodo.
769 2606 830 2639 sed

30 2654 95 2688 hoc
117 2653 245 2697 friget,
269 2665 334 2688 nec
355 2655 512 2689 usitatum
538 2657 677 2690 verbum
702 2651 831 2688 ὑλότο-

0 2727 2 2730 ,
29 2712 112 2743 μον.
146 2701 256 2734 malim
280 2697 479 2743 ἀντίτομον
506 2715 545 2744 μ.
568 2702 744 2746 φέρτερον
768 2695 831 2734 ἄλ-

30 2749 72 2782 λο
105 2748 278 2787 τομαίου.
311 2747 363 2782 sic
393 2747 434 2781 Il.
464 2746 516 2788 θ’,
541 2748 639 2783 482:
673 2746 750 2782 ἐπεὶ
786 2742 835 2781 ου’

31 2792 92 2828 σέο
115 2793 291 2850 κύντερον
315 2793 417 2834 ἄλλο,
441 2797 477 2826 et
499 2791 541 2835 ξ’.
562 2795 663 2830 262.·
687 2795 756 2828 νῦν
781 2786 833 2825 αὖ

31 2837 146 2874 τοῦτό
178 2837 222 2883 μ’
258 2853 402 2884 ανωγας
433 2837 624 2883 ἀμήχανον
656 2837 743 2875 ἄλλο
776 2849 833 2872 τε·

33 2884 151 2921 usca:
176 2892 243 2924 etc.
275 2901 300 2921 α
332 2894 368 2922 et
397 2899 440 2928 υ,
476 2885 550 2922 ἀπὸ
585 2893 621 2921 et
650 2884 722 2922 ὑπὸ
749 2890 833 2926 etc..

34 2932 228 2978 permisceri
259 2943 498 2980 nonnunquam
537 2933 627 2970 inter
666 2944 723 2979 se,
763 2937 833 2967 tum

874 1686 987 1723 omitti
1010 1687 1122 1721 solere
1144 1684 1281 1725 similia,
1305 1693 1403 1716 nemo
1431 1678 1553 1715 nescit.
1588 1677 1679 1712 acri-

875 1735 1009 1789 pserint
1031 1733 1138 1777 igitur
1155 1733 1299 1777 primum
1322 1725 1579 1770 υλλοτομαιου,
1603 1722 1681 1756 dein

874 1779 1086 1823 υἰοτομοιο.
1120 1797 1159 1804 -·
1204 1776 1436 1832 τομαίου,
1460 1768 1679 1829 φαρμάκου

876 1839 919 1860 ex
944 1826 1050 1860 herba
1079 1823 1224 1860 succisa.
1250 1841 1295 1848 ——
1319 1815 1542 1865 ἐρυσμόν,
1566 1827 1680 1851 reme-

876 1874 982 1907 dium.

921 1919 1000 1953 236.
1034 1912 1137 1951 οὔτ’
1169 1936 1216 1942 -
1248 1927 1314 1950 ου.
1344 1925 1397 1954 ν.,
1429 1910 1460 1945 si
1494 1907 1581 1943 tanti
1615 1911 1680 1949 est,

873 1965 1000 2000 Matth.
1026 1965 1059 2005 §.
1074 1963 1154 2001 602,
1180 1966 1216 1995 et
1239 1961 1283 1994 cf.
1310 1960 1388 1994 332.
1414 1968 1512 2002 prox
1507 1966 1570 1988 ma
1595 1965 1680 1998 quo·

875 2023 941 2055 que
976 2009 1061 2044 male
1094 2007 1323 2043 sollicitarunt
1353 2004 1420 2038 viri
1454 2001 1563 2036 docti:
1597 1999 1681 2033 nihil

876 2058 995 2097 deest
1034 2055 1096 2089 sed
1132 2052 1340 2092 ἀσυνδέτως
1365 2053 1550 2094 sequuntur
1574 2047 1681 2080 veiha

876 2100 1055 2146 Δημήτηρ
1079 2113 1132 2145 χρ.
1147 2097 1254 2145 ἀμβρ.
1281 2105 1347 2132 etc.
1374 2108 1436 2142 per
1461 2091 1681 2145 epexegesin,

876 2150 1034 2194 quodque
1068 2150 1171 2192 Ρυόῖα
1203 2145 1286 2179 dicit
1309 2142 1493 2182 236-38,
1532 2137 1680 2172 interdiu

875 2197 1001 2229 sactum
1026 2205 1123 2231 esse
1159 2203 1202 2226 ex
1232 2189 1401 2235 oppositis
1421 2186 1597 2238 νύκτα-ς
1629 2181 1681 2218 δε

877 2248 944 2275 etc.
976 2239 1192 2283 intelligitur.
1237 2236 1390 2279 abripuit
1418 2236 1540 2267 memet
1570 2231 1681 2275 ipsum

871 2291 925 2321 tot
957 2286 1166 2320 eruditorum
1199 2283 1335 2327 trepila
1340 2281 1446 2314 mium
1477 2277 1680 2317 auctoritas,

873 2344 948 2366 cum
983 2333 1068 2366 haec
1100 2337 1261 2364 mutarem
1297 2338 1373 2361 ann
1410 2326 1453 2359 ad
1478 2321 1585 2363 11.⁶'‚
1608 2323 1678 2363 57.,

873 2378 932 2412 ubi
956 2390 1043 2422 quae
1067 2377 1140 2410 dixi
1163 2376 1205 2408 <le
1235 2376 1266 2408 h.
1292 2374 1327 2413 l.‚
1353 2370 1501 2406 delenda
1519 2372 1608 2402 sunt.

919 2425 987 2459 239
1010 2423 1112 2457 -58,
1152 2421 1275 2454 similia
1308 2420 1350 2452 de
1388 2417 1515 2451 Achille
1548 2415 1681 2448 infante

873 2470 1016 2503 tradunt
1045 2468 1202 2512 Apollod.
1245 2468 1285 2507 3,
1326 2465 1389 2505 13,
1425 2466 1457 2498 6.
1498 2466 1532 2495 et.
1567 2459 1679 2513 Apoll.

874 2511 1373 2555 Rhod.4‚869;n0n1tem
1400 2510 1588 2545 Homerus,
1623 2504 1681 2550 qui

874 2574 937 2595 nec
951 2562 1041 2596 fotos
1058 2560 1271 2602 nutritusque
1287 2557 1359 2590 solo
1375 2556 1510 2589 deorum
1527 2551 1682 2602 amplexu

875 2615 980 2651 atque
1012 2607 1119 2640 halitu
1152 2605 1249 2640 novit
1279 2603 1450 2640 infantes
1482 2610 1569 2644 quae
1588 2602 1682 2632 sunt

877 2652 1100 2687 Orientalium
1121 2644 1233 2695 potius
1252 2660 1350 2693 quatu
1362 2648 1574 2680 Graecorum
1589 2653 1681 2678 com-·

875 2705 988 2734 menta
1012 2698 1179 2751 mystica,
1204 2702 1243 2729 ut
1262 2694 1410 2731 Vossius
1433 2691 1591 2731 notavit,
1626 2701 1683 2723 σι’-ἆ
1736 2691 1741 2700 ’

877 2756 959 2780 rans
981 2744 1039 2778 ille
1063 2741 1197 2789 quidem
1221 2741 1256 2774 in
1281 2752 1340 2779 eo,
1370 2737 1463 2782 quod
1489 2735 1685 2794 recentiore

878 2791 1011 2824 demum
1050 2801 1136 2825 aevo
1175 2788 1292 2831 exorta
1332 2781 1445 2829 pu't'at.
1494 2783 1543 2815 D
1532 2777 1685 2819 οἴετόέιέ

879 2837 1036 2878 18,1o..
1064 2848 1107 2869 ne
1131 2834 1302 2869 invenitor
1320 2832 1357 2864 in
1378 2835 1424 2870 te,
1449 2841 1492 2874 q
1478 2828 1507 2862 i
1523 2820 1687 2864 maduca?

877 2883 983 2918 filium
1007 2893 1114 2922 suum,
1140 2885 1200 2914 aut
1223 2878 1325 2913 filiam
1341 2887 1450 2916 suam,
1475 2886 1538 2920 per
1558 2875 1683 2917 ignem,

879 2935 976 2966 utens
1001 2926 1269 2964 divinationibus
1293 2929 1362 2960 etc.
1385 2921 1472 2967 Reg.
1487 2922 1523 2963 2,
1550 2920 1606 2965 16,
1630 2922 1684 2957 3,;
