1821 3288
105 131 189 171 142

737 127 1135 171 ΟΜΗΡΟΥ

277 240 359 296 τήν
390 236 444 296 δή
477 238 520 282 οἱ
547 237 817 311 παρέθηκεν,
848 238 992 281 ἔπειτα
1021 239 1067 283 65
1095 239 1233 295 πέφνε
1261 239 1334 282 καὶ
1368 238 1525 294 αὐτόν,

190 301 245 342 30
274 299 437 346 ἵππους
467 293 509 340 δ’
541 295 673 347 αὐτὸς
703 296 767 350 ἐχε
795 293 1130 365 κρατερώνυχας
1159 298 1205 340 έν
1233 295 1474 352 μεγάροισι.

271 353 348 404 τὰς
381 352 533 425 ἐρέων
543 351 726 406 Ὀδυσῆϊ
754 351 1011 421 συνήντετο,
1043 356 1156 395 δῶκε
1187 353 1233 396 δὲ
1260 354 1412 405 τόξον,

272 409 322 453 τὸ
352 412 457 464 πρὶν
485 409 564 480 μέν
596 407 640 462 ῥ’
674 408 825 462 ἐφόρει
856 407 987 462 μέγας
1015 407 1240 464 Εὔρυτος,
1275 411 1413 465 αὐτὰρ
1443 409 1466 455 6
1497 409 1620 454 παιδὶ

271 465 447 510 κάλλιπ’
482 465 735 520 ἄποθνησν
733 480 781 506 -ιν
811 465 858 507 ἐν
889 463 1087 519 δώμασιν
1114 465 1337 522 υψηλοῖσι.

272 527 336 592 τῷ
366 523 412 566 6’
445 522 651 571 Ὀδυσεύς
682 523 809 575 ξίφος
838 521 914 572 6ξύ
948 522 1022 564 καὶ
1051 521 1237 576 ἄλκιμον
1266 523 1385 578 ἔγχος
1411 522 1594 576 ἔδωκεν,

183 583 240 626 35
271 579 409 636 ἀρχὴν
437 578 689 648 ξεινοσύνης
717 577 1001 633 προσκηδέος.

1061 577 1115 620 οὐ
1146 564 1192 621 65
1219 582 1403 635 τραπέζη

268 638 440 692 γνώτην
470 634 691 690 αλλήλων·
724 634 829 688 πρὶν
857 651 942 690 γαρ
972 634 1083 684 Διὸς
1111 636 1208 685 υἱός
1234 635 1420 690 ἔπεφνεν

225 693 248 722 *
265 695 337 763 ’Ἰφ
341 707 437 736 ιτον
467 691 744 746 Εὐρυτίδην,
774 690 1015 734 ἐπιείκελον
1044 689 1359 743 ἀθανάτοισιν,

222 750 242 771 *
271 751 322 801 ὅς
352 751 395 792 οἱ
423 748 554 801 τόξον
584 748 729 791 ἔδωκε.

788 746 837 791 τὸ
870 746 912 791 δ’
946 746 1107 791 οὔποτε
1137 750 1231 798 δῖος
1259 746 1492 799 Ὀδυσσεὺς

269 805 503 878 ἐρχόμενος
531 804 772 860 πόλεμόνδε
801 803 1047 860 μελαινάων
1075 805 1146 848 ἐπὶ
1174 808 1297 859 νηῶν

182 865 237 909 40
267 862 409 931 ῃρεῖτ’
412 895 424 913 ,
455 860 553 905 ἀλλ’
586 861 725 905 αὐτοῦ
756 866 913 931 μνῆμα

934 862 1092 913 ξείνοιο
1124 863 1292 930 φίλοιο

268 918 435 965 κέσκετ’
469 919 535 963 ἐνὶ
564 917 821 975 μεγαροισι,
851 918 979 974 φόρει
1012 919 1059 962 δέ
1090 935 1166 975 μιν
1194 920 1247 974 ἡς
1276 917 1345 961 ἐπὶ
1372 916 1516 973 γαίης.

318 1035 419 1069 quem
443 1033 558 1057 arcum
593 1021 746 1056 manibus
770 1033 913 1056 versans
946 1025 1128 1067 postquam
1161 1032 1202 1056 se
1235 1020 1321 1055 fletu
1345 1018 1514 1060 satiavit,
1546 1017 1662 1053 defert
1685 1029 1760 1053 eum

236 1068 282 1104 ad
305 1080 452 1116 procos,
479 1075 515 1103 et
539 1072 708 1102 certamen
732 1067 852 1102 edicit.

337 1137 398 1180 ‘H
420 1135 462 1180 δ’
495 1135 564 1179 ὅτε
587 1134 647 1205 δή
679 1135 882 1190 θάλαμον
907 1134 989 1178 τὸν
1020 1134 1225 1203 ἄφίκετο,
1254 1135 1328 1177 δῖα
1355 1135 1596 1188 γυναικῶν,

272 1193 412 1238 οὐδόν
436 1209 480 1236 τε
512 1191 699 1246 δρύινον
728 1192 1070 1261 προσεβήσατο,
1085 1191 1164 1234 τόν
1186 1206 1292 1234 ποτε
1320 1193 1484 1233 τέκτων

265 1252 412 1303 ξέσσεν
442 1248 758 1304 ἐπισταμένως,
789 1249 863 1291 καὶ
896 1249 965 1291 ἐπὶ
994 1247 1195 1302 στάθμην
1223 1249 1406 1298 ἴθυνεν,

183 1309 238 1354 45
268 1307 317 1350 ἐν
347 1308 393 1351 65
401 1306 651 1378 σταθμοὺς
680 1305 812 1358 ἄρσε,
841 1305 987 1358 θύρας
1017 1303 1060 1347 δ’
1091 1304 1274 1359 ἐπέθηκε
1302 1301 1510 1358 φαεινάς,

267 1362 414 1408 αὐτίκ’
444 1362 520 1419 ἄρ’
555 1361 630 1419 η’γ’
662 1362 834 1422 ἱμάντα
851 1366 976 1413 θοως
1007 1360 1196 1405 ἀπέλυσε
1224 1360 1446 1417 κορώνης,

91 1503 270 1547 posuerat.
327 1500 427 1546 ξενίη
430 1513 451 1535 ν
483 1498 571 1534 dixit
604 1496 646 1542 ξ’,
684 1499 750 1534 158
784 1501 820 1532 et
859 1496 903 1542 ρ’,

91 1549 170 1583 155.
217 1548 261 1581 cf.
286 1547 343 1582 35.
375 1567 421 1572 -—
459 1547 638 1586 ἵππους
670 1543 902 1589 κρατερώ-

89 1605 251 1638 νυχας.
308 1592 432 1635 11.n‘‚
465 1592 534 1628 724
558 1596 624 1626 etc.
659 1611 701 1616 —
735 1593 807 1624 Am.
841 1591 902 1625 B.=

89 1640 174 1679 τὰς’
214 1639 371 1683 ἐρέων.
428 1636 655 1681 ἀνερεύνων,
689 1638 828 1680 ζητῶν,
864 1634 904 1671 6-

89 1688 206 1730 μοίως
220 1687 281 1741 τῷ
312 1685 528 1729 κνημοῦς
561 1683 790 1741 ἐξερέῃσι.
840 1681 902 1740 (δ’,

91 1734 173 1774 337,
199 1730 242 1776 ρ’,
268 1733 363 1775 128.)
388 1750 435 1756 —-
466 1729 593 1765 Ε·τό
621 1728 660 1764 65
670 1728 834 1785 ἐρέων
867 1726 903 1763 ἐ-

91 1779 147 1814 στὶ
170 1777 212 1822 μὲ
199 1791 237 1812 ν
260 1775 435 1822 ποιητική
459 1776 573 1819 λέξις,
608 1772 680 1810 ἀπ
716 1774 836 1810 αὐτοῦ
862 1774 902 1810 65

91 1828 229 1871 γίνεται
255 1823 296 1860 τὸ
331 1825 542 1881 ἐρευνᾷν
575 1821 762 1858 ἐπενθὲσει
786 1823 855 1856 τοῦ
878 1835 902 1856 υ

89 1873 153 1908 καὶ
177 1885 245 1906 του
272 1885 305 1912 ν,
332 1869 450 1916 ὁποίῳ
478 1868 599 1915 τρόπῳ
621 1870 682 1904 καὶ
702 1868 742 1904 τὸ
770 1867 903 1903 ἐλαύ-

89 1931 195 1954 νειν
230 1915 302 1953 απὸ
336 1918 405 1952 τοῦ
428 1906 608 1952 ἐλάειν
641 1928 791 1960 ytv5totc.
838 1915 903 1948 ad-

89 1965 125 1999 di
149 1969 334 2023 poterant,
360 1963 495 2019 pariter
518 1961 597 1996 inde
623 1962 801 2002 derivata,
825 1972 905 1994 ver-

88 2012 135 2045 ba
159 2010 330 2053 ἐρεείνειν
362 2016 397 2044 et
422 2008 650 2052 εξερεείνειν,
686 2019 774 2061 quae
799 2018 903 2051 saepe

89 2057 145 2091 hic
168 2063 286 2091 noster
318 2057 509 2100 usurpavit.
544 2073 586 2080 —-
625 2052 900 2098 συνήντετο,

89 2105 245 2137 occurrit.
301 2103 346 2144 δ’,
369 2104 448 2144 367,
483 2102 523 2135 ΙΙ.
549 2098 599 2144 φ’,
634 2100 691 2135 34.
717 2119 760 2125 —
798 2100 901 2132 Sch.·

91 2148 240 2193 ἆρχὴν
275 2146 568 2191 ξεινοσύνης.
618 2144 733 2191 οἷρχήν
767 2142 901 2180 ποιού-

88 2208 184 2240 μενοι
207 2196 339 2238 ξενίας.
372 2193 690 2251 προσκηδέος.
727 2193 793 2236 τῆς
816 2204 901 2225 ποι-

90 2241 203 2288 ούσης
248 2243 501 2285 κηδεμονικῶς
536 2239 630 2284 ἔχειν
662 2237 758 2284 πρὸς
792 2235 899 2282 ἀλλή-

89 2292 189 2330 λους.
245 2289 341 2344 (Am.
378 2289 419 2321 Β.
464 2287 708 2331 κηδεμονικῆς
754 2285 898 2339 φιλίας·

91 2335 276 2380 κήδονται
299 2332 369 2379 γὰρ
395 2330 560 2377 α’λλήλων
592 2333 628 2368 οἱ
661 2333 764 2375 φίλοι
788 2345 819 2364 κ.
845 2328 900 2372 ξέ-

89 2396 160 2418 νοι.
220 2382 270 2415 Et
297 2400 342 2405 —
376 2378 544 2414 ἐναντίον
579 2381 618 2414 δὲ
653 2378 704 2424 τῷ
737 2388 899 2420 προσκ.

89 2426 132 2464 τὸ
157 2425 421 2470 δυσκηδέος
447 2425 501 2469 [5',
525 2425 607 2470 466]
641 2425 702 2459 καὶ
728 2421 900 2468 οἷκηδέ-

91 2489 139 2515 ος
163 2472 223 2519 [ζ’,
245 2476 290 2508 26
316 2472 433 2528 etc..])
482 2470 531 2512 ὅς
554 2492 597 2497 -
625 2471 786 2506 ἔδωκε.
823 2469 900 2513 τρί-

87 2535 153 2556 τον
178 2521 297 2564 εἴρηκε
321 2517 390 2562 τὴν
425 2517 545 2557 δόσιν,
581 2517 657 2552 ἐπεὶ
692 2515 755 2552 διὰ
785 2516 899 2558 μέσου

89 2566 174 2603 τινοὶ
199 2566 494 2610 παραδιηγεῖται.
530 2564 659 2608 frigent
683 2569 797 2596 tamen
822 2573 901 2595 ver-

88 2615 134 2647 ba
159 2613 356 2648 ἐπιείκελον
381 2631 424 2635 -
452 2611 583 2650 ἔδωκε,
619 2620 810 2651 vereorque
844 2619 900 2640 sa-

89 2672 152 2701 ne,
188 2671 232 2692 ne
263 2659 321 2692 ina
355 2655 411 2692 ἐπ.
439 2655 553 2691 olem.
579 2655 693 2689 nescio
719 2654 793 2698 quis
817 2655 899 2687 sub—-

89 2705 206 2739 lecta
197 2717 232 2738 ιιι
257 2704 491 2749 superioribus
513 2701 738 2746 adscripserit
757 2705 899 2744 propter

89 2750 366 2791 similitudinem,
403 2751 527 2794 quibus
563 2749 596 2780 in
622 2747 773 2780 ordinem
800 2757 898 2778 rece-

91 2800 170 2842 pti‚s
198 2803 234 2830 ut
257 2796 334 2830 fieri
359 2796 457 2834 solet,
481 2804 604 2828 versus
630 2790 791 2834 explendi
817 2803 899 2835 gra-

89 2843 138 2876 tia
163 2842 248 2875 alius
272 2840 496 2875 inculcaverit
520 2840 628 2873 verba
662 2835 702 2877 ὅς
728 2838 762 2872 οἱ
787 2850 820 2870 τ.
846 2836 897 2871 5¹6.

89 2888 210 2944 quodsi
244 2888 417 2928 divinavi,
450 2886 499 2920 sic
523 2885 731 2919 scribamus·
755 2880 899 2926 Ἴφιτον

92 2931 147 2968 Ευ
140 2935 314 2978 ρντίδην.
361 2932 404 2968 τό
441 2931 486 2976 δὴ
513 2931 650 2967 οὔποτε
675 2935 739 2963 etc.
788 2935 899 2962 muta-

92 2981 164 3022 vit,
199 2979 233 3013 ni
259 2980 379 3023 failor,
420 2978 511 3014 idem
543 2978 601 3011 ille
632 2973 673 3012 τὸ
712 2972 759 3020 δὴ
798 2974 897 3010 metri

951 1508 1074 1532 causa.
1101 1507 1212 1542 neque
1237 1496 1323 1530 enim
1348 1495 1389 1532 65
1413 1496 1529 1542 placet
1550 1506 1617 1529 non
1641 1493 1761 1529 elisum

951 1548 1117 1588 sequente
1152 1543 1276 1577 vocali.
1324 1542 1374 1577 τὸ
1409 1554 1524 1576 arcum
1563 1541 1652 1583 dici,
1691 1552 1762 1575 nou

952 1595 1006 1623 est
1029 1590 1228 1632 obscurum,
1261 1600 1336 1622 cum
1373 1589 1402 1621 is
1443 1593 1517 1621 tota
1550 1588 1616 1621 hac
1639 1598 1762 1622 narra-

949 1635 1042 1669 tione
1067 1641 1211 1679 agatur,
1244 1634 1413 1679 brevique
1444 1633 1628 1668 intervallo
1653 1633 1761 1667 nomi-

950 1688 1050 1714 natus
1075 1682 1201 1720 fuerit,
1225 1681 1361 1713 unicum
1385 1680 1492 1725 Iphiti
1515 1680 1660 1721 donum,
1697 1678 1761 1713 sed

951 1726 1090 1771 Ulyssis
1124 1726 1258 1759 duobus
1289 1726 1357 1759 iuis
1391 1725 1512 1771 procul
1543 1725 1645 1759 dubio
1678 1736 1760 1770 pre-

949 1773 1086 1808 tiosius.

994 1819 1161 1854 42—53.
1208 1815 1434 1861 θάλαμον
1458 1815 1552 1859 τὸν,
1576 1819 1615 1850 ut
1638 1813 1760 1859 ἄνδρα

949 1863 1018 1898 τόν
1042 1863 1086 1905 κ’,
1110 1863 1191 1904 74.,
1219 1865 1252 1897 h.
1280 1877 1310 1899 e.
1335 1866 1493 1906 τοῦτον,
1515 1865 1635 1904 illum,
1660 1874 1760 1907 quem

950 1910 1036 1944 dixit
1061 1911 1116 1953 8.,
1141 1907 1318 1954 θάλαμον
1344 1910 1517 1955 ἔσχατονε
1544 1920 1619 1943 nam
1643 1909 1760 1954 plures

949 1963 985 1990 et
1008 1956 1139 1990 diversi
1164 1964 1262 1990 erant
1285 1957 1453 2000 θάλαμοι
1477 1958 1513 1990 ἰιι
1532 1956 1688 1990 aedibus.
1725 1967 1759 1992 v,

950 2003 997 2045 α’,
1023 2004 1102 2044 425,
1129 2003 1168 2036 11.
1194 2001 1236 2044 ζ’,
1260 2002 1351 2044 244,
1385 2005 1491 2038 Schn.
1526 2015 1560 2035 v.
1584 2001 1759 2045 θάλαμος

950 2054 1016 2082 etc.
1037 2068 1080 2073 —
1107 2047 1256 2083 ον’δὸν
1282 2048 1504 2093 δρύϊνον,
1529 2050 1634 2081 limen
1657 2060 1759 2092 quer-

947 2107 1050 2136 uum,
1086 2106 1153 2128 non
1178 2107 1320 2129 aeneum
1356 2102 1416 2130 aut
1448 2095 1640 2140 lapideum,
1675 2106 1758 2139 pro—

948 2146 1025 2186 pter
1048 2141 1248 2182 levitatem,
1275 2148 1396 2186 utpote
1419 2141 1454 2175 in
1480 2142 1657 2186 superiore
1675 2151 1758 2194 par-

947 2195 983 2219 te
1012 2187 1163 2222 aedium.
1210 2199 1402 2244 quanquam
1437 2193 1472 2221 et
1495 2187 1671 2221 coenaculi
1697 2185 1757 2222 οὐ·

947 2232 1016 2268 δὸν
1041 2233 1188 2276 μέλινον
1213 2234 1346 2279 dixitQ
1360 2235 1475 2275 ,.339
1500 2254 1544 2259 -
1569 2233 1657 2267 τόν
1681 2245 1757 2268 πο-

945 2291 992 2314 τε
1028 2300 1073 2304 -
1114 2280 1299 2314 ι’.θυνεν
1326 2248 1399 2324 ρρ’,
1437 2281 1518 2315 340.
1550 2284 1586 2312 et
1619 2280 1677 2314 41.
1709 2298 1756 2304 —-

945 2322 1105 2370 θύρας
1141 2324 1369 2370 φαεινὰς,
1406 2329 1503 2369 sores
1543 2325 1754 2380 splendidas,

947 2417 988 2460 ξ’,
1018 2418 1084 2454 169
1109 2424 1176 2452 etc.
1212 2438 1254 2443 —
1288 2421 1361 2452 Αιιι
1388 2419 1452 2459 Q.=
1540 2414 1756 2430 '''''

946 2461 1023 2509 ἥγ’
1048 2463 1239 2506 ἱμάντα.
1289 2463 1425 2509 ἱμάντα
1452 2462 1521 2499 τόν
1553 2462 1756 2508 ανοίγοντα

945 2510 986 2545 τὸ
1015 2509 1170 2545 ἔνδοθεν
1203 2511 1504 2566 περιγινόμενον,
1531 2512 1671 2569 κοχλῷῗ
1679 2523 1755 2546 εοι-

945 2557 1028 2598 κὸς,
1053 2560 1235 2600 κλεῖθρον.
1284 2556 1354 2592 δύο
1378 2555 1448 2613 γὰρ
1473 2555 1622 2599 ἱμάντες
1647 2553 1754 2602 ἦσαν,

947 2601 966 2638 6
1003 2601 1070 2647 μὲν
1104 2606 1250 2643 κλείων,
1288 2606 1345 2647 (ut
1369 2602 1414 2644 α’,
1447 2604 1537 2646 442,
1573 2603 1632 2638 ubi
1664 2615 1755 2637 nunc

947 2650 1057 2684 malim
1081 2648 1255 2685 ἐτάνυσσ’
1278 2649 1405 2694 ἱμάντι
1432 2655 1467 2684 et
1490 2650 1645 2683 similiter
1663 2645 1754 2693 ἤειρ’

947 2696 1052 2738 ιιιᾶσι
1077 2697 1117 2730 ΙΙ.
1143 2695 1184 2736 κ’,
1211 2698 1311 2737 499,
1349 2709 1391 2730 ne
1431 2702 1559 2729 temere
1583 2702 1752 2739 augeatur

945 2754 1105 2776 numerus
1130 2743 1300 2784 locor,um
1333 2743 1367 2776 in
1403 2743 1526 2798 quibus
1549 2752 1694 2796 anceps
1698 2741 1753 2774 vi-

945 2789 1046 2822 detur
1072 2802 1085 2822 ι
1109 2789 1256 2833 littera.)
1291 2786 1309 2823 6
1343 2790 1384 2824 δὲ
1409 2788 1579 2831 οἷνοίγαιν.
1627 2785 1751 2822 ἑκάτε-

945 2847 1008 2878 ρος
1032 2833 1071 2869 65
1096 2837 1225 2876 κρίκου
1259 2833 1358 2876 τινός
1391 2833 1577 2890 ἐξήρτητο.
1606 2831 1648 2878 -ἡ
1674 2832 1749 2868 Ev’-

944 2881 1092 2925 ρύκλεια
1128 2883 1196 2915 οὐν
1229 2882 1384 2925 θύραν
1422 2879 1644 2922 ἐπέρυσσε
1677 2892 1750 2914 κο·-

944 2926 1072 2971 ρώνῃ
1082 2924 1316 2983 ἀργυρέῃ
1349 2925 1414 2982 (α,
1446 2927 1532 2970 441)
1565 2927 1748 2962 κλείουσα.

943 2973 986 3009 τὸ
1012 2972 1051 3009 δὲ
1075 2969 1197 3009 ἄντα
1221 2986 1304 3011 τιτ.
1351 2971 1422 3017 (θ’,
1445 2974 1513 3009 556
1537 2974 1636 3018 etc.)‚
1661 2972 1752 3009 ωστε
