<?xml version="1.0" encoding="UTF-8"?>
<!DOCTYPE html PUBLIC "-//W3C//DTD XHTML 1.0 Transitional//EN"
    "http://www.w3.org/TR/xhtml1/DTD/xhtml1-transitional.dtd">
<html xmlns="http://www.w3.org/1999/xhtml" xml:lang="en" lang="en">
 <head>
  <title>
</title>
<meta http-equiv="Content-Type" content="text/html;charset=utf-8" />
  <meta name='ocr-system' content='tesseract 3.04.00' />
  <meta name='ocr-capabilities' content='ocr_page ocr_carea ocr_par ocr_line ocrx_word'/>
</head>
<body>
  <div class='ocr_page' id='page_1' title='image "./carmina05home/carmina05home_0294.png"; bbox 0 0 1821 3288; ppageno 0'>
   <div class='ocr_carea' id='block_1_1' title="bbox 107 92 194 134">
    <p class='ocr_par' dir='ltr' id='par_1_1' title="bbox 107 92 194 134">
     <span class='ocr_line' id='line_1_1' title="bbox 107 92 194 134; baseline 0 0"><span class='ocrx_word' id='word_1_1' title='bbox 107 92 194 134; x_wconf 79' lang='lat'><strong><em>286</em></strong></span> 
     </span>
    </p>
   </div>
   <div class='ocr_carea' id='block_1_2' title="bbox 506 88 1364 133">
    <p class='ocr_par' dir='ltr' id='par_1_2' title="bbox 506 88 1364 133">
     <span class='ocr_line' id='line_1_2' title="bbox 506 88 1364 133; baseline 0.002 -2"><span class='ocrx_word' id='word_1_2' title='bbox 506 92 546 131; x_wconf 77' lang='lat'><strong>2</strong></span> <span class='ocrx_word' id='word_1_3' title='bbox 604 89 773 131; x_wconf 90' lang='grc' dir='ltr'><strong><em>ΕΙΣ</em></strong></span> <span class='ocrx_word' id='word_1_4' title='bbox 825 88 1364 133; x_wconf 73' lang='grc' dir='ltr'><em>ΑΠΟΛΛΩΝΑ</em></span> 
     </span>
    </p>
   </div>
   <div class='ocr_carea' id='block_1_3' title="bbox 159 196 1610 1516">
    <p class='ocr_par' dir='ltr' id='par_1_3' title="bbox 275 196 1610 372">
     <span class='ocr_line' id='line_1_3' title="bbox 279 196 1354 271; baseline 0.002 -28"><span class='ocrx_word' id='word_1_5' title='bbox 279 197 388 252; x_wconf 77' lang='grc' dir='ltr'><strong><em>ἕξετ’</em></strong></span> <span class='ocrx_word' id='word_1_6' title='bbox 417 197 548 271; x_wconf 77' lang='grc' dir='ltr'><strong><em>ἐμόν,</em></strong></span> <span class='ocrx_word' id='word_1_7' title='bbox 566 203 767 243; x_wconf 87' lang='grc' dir='ltr'><strong><em>πολλοῖσι</em></strong></span> <span class='ocrx_word' id='word_1_8' title='bbox 795 198 1009 253; x_wconf 83' lang='grc' dir='ltr'><strong><em>τετιμένοι</em></strong></span> <span class='ocrx_word' id='word_1_9' title='bbox 1038 196 1354 253; x_wconf 77' lang='grc' dir='ltr'><strong><em>ἀνθρώποισιν.</em></strong></span> 
     </span>
     <span class='ocr_line' id='line_1_4' title="bbox 276 254 1532 328; baseline 0.001 -28"><span class='ocrx_word' id='word_1_10' title='bbox 276 256 364 326; x_wconf 89' lang='grc' dir='ltr'><strong><em>εἰμὶ</em></strong></span> <span class='ocrx_word' id='word_1_11' title='bbox 393 255 438 299; x_wconf 88' lang='lat'><strong><em>6’</em></strong></span> <span class='ocrx_word' id='word_1_12' title='bbox 468 255 551 328; x_wconf 69' lang='lat'>576}</span> <span class='ocrx_word' id='word_1_13' title='bbox 585 257 695 308; x_wconf 77' lang='grc' dir='ltr'><strong><em>Διός</em></strong></span> <span class='ocrx_word' id='word_1_14' title='bbox 723 255 842 306; x_wconf 84' lang='grc' dir='ltr'><strong><em>υἱὸς,</em></strong></span> <span class='ocrx_word' id='word_1_15' title='bbox 874 254 1088 298; x_wconf 86' lang='grc' dir='ltr'><strong><em>Ἀπόλλων</em></strong></span> <span class='ocrx_word' id='word_1_16' title='bbox 1117 255 1162 299; x_wconf 89' lang='grc' dir='ltr'><strong><em>δ’</em></strong></span> <span class='ocrx_word' id='word_1_17' title='bbox 1190 257 1370 313; x_wconf 81' lang='grc' dir='ltr'><strong><em>εὔχομαι</em></strong></span> <span class='ocrx_word' id='word_1_18' title='bbox 1401 256 1532 302; x_wconf 80' lang='grc' dir='ltr'><strong><em>εἶναι·</em></strong></span> 
     </span>
     <span class='ocr_line' id='line_1_5' title="bbox 275 309 1610 383; baseline 0.002 -27"><span class='ocrx_word' id='word_1_19' title='bbox 275 311 412 368; x_wconf 71' lang='grc' dir='ltr'><strong><em>’ὑμέας</em></strong></span> <span class='ocrx_word' id='word_1_20' title='bbox 441 312 486 357; x_wconf 82' lang='grc' dir='ltr'><strong><em>δ’</em></strong></span> <span class='ocrx_word' id='word_1_21' title='bbox 508 312 687 383; x_wconf 76' lang='grc' dir='ltr'><strong><em>ἤγαγον</em></strong></span> <span class='ocrx_word' id='word_1_22' title='bbox 711 309 868 355; x_wconf 81' lang='grc' dir='ltr'><strong><em>ἐνθάδ’</em></strong></span> <span class='ocrx_word' id='word_1_23' title='bbox 883 310 1009 382; x_wconf 81' lang='grc' dir='ltr'><strong><em>ὑπερ</em></strong></span> <span class='ocrx_word' id='word_1_24' title='bbox 1040 312 1148 368; x_wconf 84' lang='grc' dir='ltr'><strong><em>μέγα</em></strong></span> <span class='ocrx_word' id='word_1_25' title='bbox 1176 317 1333 368; x_wconf 80' lang='grc' dir='ltr'><strong><em>λαῖτμα</em></strong></span> <span class='ocrx_word' id='word_1_26' title='bbox 1360 315 1610 372; x_wconf 69' lang='grc' dir='ltr'><strong><em>θαλάσσης,</em></strong></span> 
     </span>
    </p>

    <p class='ocr_par' dir='ltr' id='par_1_4' title="bbox 162 366 1488 652">
     <span class='ocr_line' id='line_1_6' title="bbox 162 366 1382 426; baseline -0.001 -10"><span class='ocrx_word' id='word_1_27' title='bbox 162 372 247 416; x_wconf 82' lang='lat'><strong><em>305</em></strong></span> <span class='ocrx_word' id='word_1_28' title='bbox 277 369 376 413; x_wconf 80' lang='grc' dir='ltr'><strong><em>οὔτι</em></strong></span> <span class='ocrx_word' id='word_1_29' title='bbox 404 386 518 413; x_wconf 86' lang='grc' dir='ltr'><strong><em>κακα</em></strong></span> <span class='ocrx_word' id='word_1_30' title='bbox 549 369 766 425; x_wconf 77' lang='grc' dir='ltr'><strong><em>φρονέων,</em></strong></span> <span class='ocrx_word' id='word_1_31' title='bbox 798 366 893 410; x_wconf 70' lang='grc' dir='ltr'><strong><em>ἀλλ’</em></strong></span> <span class='ocrx_word' id='word_1_32' title='bbox 924 368 1083 418; x_wconf 73' lang='grc' dir='ltr'><strong><em>ἐνθάδε</em></strong></span> <span class='ocrx_word' id='word_1_33' title='bbox 1111 371 1243 413; x_wconf 84' lang='grc' dir='ltr'><strong><em>πίονα</em></strong></span> <span class='ocrx_word' id='word_1_34' title='bbox 1272 371 1382 426; x_wconf 86' lang='grc' dir='ltr'><strong><em>νηὸν</em></strong></span> 
     </span>
     <span class='ocr_line' id='line_1_7' title="bbox 276 423 1353 494; baseline 0.003 -26"><span class='ocrx_word' id='word_1_35' title='bbox 276 425 382 477; x_wconf 67' lang='grc' dir='ltr'><strong><em>ξ”ξετ</em></strong></span> <span class='ocrx_word' id='word_1_36' title='bbox 414 425 533 481; x_wconf 82' lang='grc' dir='ltr'><strong><em>ἐμὸν,</em></strong></span> <span class='ocrx_word' id='word_1_37' title='bbox 565 429 699 468; x_wconf 85' lang='grc' dir='ltr'><strong><em>πᾶσιν</em></strong></span> <span class='ocrx_word' id='word_1_38' title='bbox 728 423 842 479; x_wconf 85' lang='grc' dir='ltr'><strong><em>μάλα</em></strong></span> <span class='ocrx_word' id='word_1_39' title='bbox 872 427 1006 479; x_wconf 88' lang='grc' dir='ltr'><strong><em>τίμιοι</em></strong></span> <span class='ocrx_word' id='word_1_40' title='bbox 1035 426 1353 494; x_wconf 74' lang='grc' dir='ltr'><strong><em>ἀνθρώποισιν,</em></strong></span> 
     </span>
     <span class='ocr_line' id='line_1_8' title="bbox 277 481 1293 550; baseline 0.002 -25"><span class='ocrx_word' id='word_1_41' title='bbox 277 482 441 538; x_wconf 84' lang='grc' dir='ltr'><strong><em>βουλάς</em></strong></span> <span class='ocrx_word' id='word_1_42' title='bbox 468 482 508 525; x_wconf 80' lang='grc' dir='ltr'><strong><em>τ’</em></strong></span> <span class='ocrx_word' id='word_1_43' title='bbox 540 481 776 525; x_wconf 78' lang='grc' dir='ltr'><strong><em>ἀθανάτων</em></strong></span> <span class='ocrx_word' id='word_1_44' title='bbox 805 481 1003 550; x_wconf 81' lang='grc' dir='ltr'><strong><em>εἰδήσετε,</em></strong></span> <span class='ocrx_word' id='word_1_45' title='bbox 1032 485 1119 525; x_wconf 78' lang='grc' dir='ltr'><strong><em>τῶν</em></strong></span> <span class='ocrx_word' id='word_1_46' title='bbox 1131 482 1293 550; x_wconf 81' lang='grc' dir='ltr'><strong><em>ἰότητι</em></strong></span> 
     </span>
     <span class='ocr_line' id='line_1_9' title="bbox 276 537 1234 611; baseline 0.001 -30"><span class='ocrx_word' id='word_1_47' title='bbox 276 540 360 582; x_wconf 82' lang='grc' dir='ltr'><strong><em>αἰεὶ</em></strong></span> <span class='ocrx_word' id='word_1_48' title='bbox 389 538 622 607; x_wconf 78' lang='grc' dir='ltr'><strong><em>τιμήσεσθε</em></strong></span> <span class='ocrx_word' id='word_1_49' title='bbox 653 539 884 607; x_wconf 79' lang='grc' dir='ltr'><strong><em>διαμπερὲς</em></strong></span> <span class='ocrx_word' id='word_1_50' title='bbox 911 537 1055 611; x_wconf 85' lang='grc' dir='ltr'><strong><em>η’ματα</em></strong></span> <span class='ocrx_word' id='word_1_51' title='bbox 1081 538 1234 582; x_wconf 90' lang='grc' dir='ltr'><strong><em>πάντα.</em></strong></span> 
     </span>
     <span class='ocr_line' id='line_1_10' title="bbox 279 594 1488 652; baseline 0.002 -14"><span class='ocrx_word' id='word_1_52' title='bbox 279 594 379 639; x_wconf 77' lang='grc' dir='ltr'><strong><em>ἀλλ’</em></strong></span> <span class='ocrx_word' id='word_1_53' title='bbox 417 595 557 650; x_wconf 74' lang='grc' dir='ltr'><strong><em>ἄγεθ’,</em></strong></span> <span class='ocrx_word' id='word_1_54' title='bbox 588 611 647 644; x_wconf 88' lang='grc' dir='ltr'><strong><em>ως</em></strong></span> <span class='ocrx_word' id='word_1_55' title='bbox 680 594 737 637; x_wconf 73' lang='grc' dir='ltr'><strong><em>ἂν</em></strong></span> <span class='ocrx_word' id='word_1_56' title='bbox 765 594 874 649; x_wconf 78' lang='grc' dir='ltr'><strong><em>ἐγών</em></strong></span> <span class='ocrx_word' id='word_1_57' title='bbox 904 598 1022 647; x_wconf 85' lang='grc' dir='ltr'><strong><em>εἴπω,</em></strong></span> <span class='ocrx_word' id='word_1_58' title='bbox 1054 599 1259 639; x_wconf 81' lang='grc' dir='ltr'><strong><em>πείθεσθε</em></strong></span> <span class='ocrx_word' id='word_1_59' title='bbox 1288 594 1488 652; x_wconf 68' lang='grc' dir='ltr'><strong><em>τάχισταέ</em></strong></span> 
     </span>
    </p>

    <p class='ocr_par' dir='ltr' id='par_1_5' title="bbox 164 650 1364 708">
     <span class='ocr_line' id='line_1_11' title="bbox 164 650 1364 708; baseline -0.003 -10"><span class='ocrx_word' id='word_1_60' title='bbox 164 658 248 699; x_wconf 82' lang='lat'><strong><em>310</em></strong></span> <span class='ocrx_word' id='word_1_61' title='bbox 278 654 392 695; x_wconf 86' lang='grc' dir='ltr'><strong><em>ἱστία</em></strong></span> <span class='ocrx_word' id='word_1_62' title='bbox 422 651 500 703; x_wconf 81' lang='grc' dir='ltr'><strong><em>μὲν</em></strong></span> <span class='ocrx_word' id='word_1_63' title='bbox 528 655 705 704; x_wconf 79' lang='grc' dir='ltr'><strong><em>πρῶτον</em></strong></span> <span class='ocrx_word' id='word_1_64' title='bbox 734 651 946 703; x_wconf 79' lang='grc' dir='ltr'><strong><em>κάθετον,</em></strong></span> <span class='ocrx_word' id='word_1_65' title='bbox 978 650 1162 695; x_wconf 84' lang='grc' dir='ltr'><strong><em>λύσαντε</em></strong></span> <span class='ocrx_word' id='word_1_66' title='bbox 1191 653 1364 708; x_wconf 63' lang='lat' dir='ltr'><strong><em>(ma-ag</em></strong></span> 
     </span>
    </p>

    <p class='ocr_par' dir='ltr' id='par_1_6' title="bbox 227 707 1519 934">
     <span class='ocr_line' id='line_1_12' title="bbox 227 707 1330 778; baseline 0.002 -28"><span class='ocrx_word' id='word_1_67' title='bbox 227 710 248 731; x_wconf 91' lang='lat'><strong>*</strong></span> <span class='ocrx_word' id='word_1_68' title='bbox 277 712 363 764; x_wconf 83' lang='grc' dir='ltr'><strong><em>νῆα</em></strong></span> <span class='ocrx_word' id='word_1_69' title='bbox 393 707 433 751; x_wconf 88' lang='grc' dir='ltr'><strong><em>δ’</em></strong></span> <span class='ocrx_word' id='word_1_70' title='bbox 466 708 610 750; x_wconf 76' lang='grc' dir='ltr'><strong><em>ἔπειτα</em></strong></span> <span class='ocrx_word' id='word_1_71' title='bbox 618 707 754 778; x_wconf 87' lang='grc' dir='ltr'><strong><em>θοὴν</em></strong></span> <span class='ocrx_word' id='word_1_72' title='bbox 782 708 848 751; x_wconf 84' lang='grc' dir='ltr'><strong><em>ἐπὶ</em></strong></span> <span class='ocrx_word' id='word_1_73' title='bbox 877 707 1062 763; x_wconf 77' lang='grc' dir='ltr'><strong><em>ἠπείρου</em></strong></span> <span class='ocrx_word' id='word_1_74' title='bbox 1092 708 1330 762; x_wconf 79' lang='grc' dir='ltr'><strong><em>ἐρύσασθε,</em></strong></span> 
     </span>
     <span class='ocr_line' id='line_1_13' title="bbox 277 762 1389 821; baseline 0.001 -13"><span class='ocrx_word' id='word_1_75' title='bbox 277 765 326 808; x_wconf 80' lang='grc' dir='ltr'><strong><em>ἐκ</em></strong></span> <span class='ocrx_word' id='word_1_76' title='bbox 357 764 403 807; x_wconf 79' lang='grc' dir='ltr'><strong><em>δὲ</em></strong></span> <span class='ocrx_word' id='word_1_77' title='bbox 435 762 628 820; x_wconf 81' lang='grc' dir='ltr'><strong><em>κτήμαθ’</em></strong></span> <span class='ocrx_word' id='word_1_78' title='bbox 659 764 827 815; x_wconf 77' lang='grc' dir='ltr'><strong><em>ἕλεσθε,</em></strong></span> <span class='ocrx_word' id='word_1_79' title='bbox 857 782 932 808; x_wconf 88' lang='grc' dir='ltr'><strong><em>και</em></strong></span> <span class='ocrx_word' id='word_1_80' title='bbox 963 765 1083 808; x_wconf 77' lang='grc' dir='ltr'><strong><em>ἔντεα</em></strong></span> <span class='ocrx_word' id='word_1_81' title='bbox 1115 765 1223 821; x_wconf 85' lang='grc' dir='ltr'><strong><em>νηὸς</em></strong></span> <span class='ocrx_word' id='word_1_82' title='bbox 1252 766 1389 820; x_wconf 80' lang='grc' dir='ltr'><strong><em>ἐΐσης,</em></strong></span> 
     </span>
     <span class='ocr_line' id='line_1_14' title="bbox 275 820 1352 894; baseline 0.002 -31"><span class='ocrx_word' id='word_1_83' title='bbox 275 822 350 864; x_wconf 82' lang='grc' dir='ltr'><strong><em>καὶ</em></strong></span> <span class='ocrx_word' id='word_1_84' title='bbox 378 822 532 891; x_wconf 81' lang='grc' dir='ltr'><strong><em>βωμόν</em></strong></span> <span class='ocrx_word' id='word_1_85' title='bbox 564 820 771 876; x_wconf 85' lang='grc' dir='ltr'><strong><em>ποιήσατ’</em></strong></span> <span class='ocrx_word' id='word_1_86' title='bbox 801 820 871 864; x_wconf 76' lang='grc' dir='ltr'><strong><em>ἐπὶ</em></strong></span> <span class='ocrx_word' id='word_1_87' title='bbox 902 822 1078 894; x_wconf 82' lang='grc' dir='ltr'><strong><em>ῥηγμῖνι</em></strong></span> <span class='ocrx_word' id='word_1_88' title='bbox 1105 822 1352 878; x_wconf 80' lang='grc' dir='ltr'><strong><em>θαλάσσης·</em></strong></span> 
     </span>
     <span class='ocr_line' id='line_1_15' title="bbox 275 877 1519 934; baseline 0.002 -14"><span class='ocrx_word' id='word_1_89' title='bbox 275 882 363 932; x_wconf 86' lang='grc' dir='ltr'><strong><em>πῦρ</em></strong></span> <span class='ocrx_word' id='word_1_90' title='bbox 397 877 439 920; x_wconf 87' lang='grc' dir='ltr'><strong><em>δ’</em></strong></span> <span class='ocrx_word' id='word_1_91' title='bbox 472 878 758 930; x_wconf 79' lang='grc' dir='ltr'><strong><em>ἐπικαίοντες,</em></strong></span> <span class='ocrx_word' id='word_1_92' title='bbox 790 878 860 922; x_wconf 77' lang='grc' dir='ltr'><strong><em>ἐπί</em></strong></span> <span class='ocrx_word' id='word_1_93' title='bbox 887 878 928 921; x_wconf 88' lang='grc' dir='ltr'><strong><em>τ’</em></strong></span> <span class='ocrx_word' id='word_1_94' title='bbox 957 878 1119 934; x_wconf 74' lang='grc' dir='ltr'><strong><em>ἄλφιτα</em></strong></span> <span class='ocrx_word' id='word_1_95' title='bbox 1147 880 1280 922; x_wconf 82' lang='grc' dir='ltr'><strong><em>λευκὰ</em></strong></span> <span class='ocrx_word' id='word_1_96' title='bbox 1308 878 1519 933; x_wconf 82' lang='grc' dir='ltr'><strong><em>θύοντες,</em></strong></span> 
     </span>
    </p>

    <p class='ocr_par' dir='ltr' id='par_1_7' title="bbox 161 933 1432 1216">
     <span class='ocr_line' id='line_1_16' title="bbox 161 933 1432 1004; baseline 0 -25"><span class='ocrx_word' id='word_1_97' title='bbox 161 938 245 981; x_wconf 82' lang='grc'><strong><em>315</em></strong></span> <span class='ocrx_word' id='word_1_98' title='bbox 280 933 485 1004; x_wconf 83' lang='grc' dir='ltr'><strong><em>εὔχεσθαι</em></strong></span> <span class='ocrx_word' id='word_1_99' title='bbox 513 934 566 990; x_wconf 76' lang='grc' dir='ltr'><strong><em>δή</em></strong></span> <span class='ocrx_word' id='word_1_100' title='bbox 600 936 768 986; x_wconf 70' lang='grc' dir='ltr'><strong><em>ἔπειτα,</em></strong></span> <span class='ocrx_word' id='word_1_101' title='bbox 797 935 1111 990; x_wconf 79' lang='grc' dir='ltr'><strong><em>παριστάμενοι</em></strong></span> <span class='ocrx_word' id='word_1_102' title='bbox 1141 937 1239 989; x_wconf 82' lang='grc' dir='ltr'><strong><em>περὶ</em></strong></span> <span class='ocrx_word' id='word_1_103' title='bbox 1270 935 1432 992; x_wconf 84' lang='grc' dir='ltr'><strong><em>βωμόν.</em></strong></span> 
     </span>
     <span class='ocr_line' id='line_1_17' title="bbox 277 990 1360 1063; baseline 0 -29"><span class='ocrx_word' id='word_1_104' title='bbox 277 990 337 1041; x_wconf 74' lang='grc' dir='ltr'><strong><em>ὥς</em></strong></span> <span class='ocrx_word' id='word_1_105' title='bbox 366 991 444 1047; x_wconf 78' lang='grc' dir='ltr'><strong><em>μὲν</em></strong></span> <span class='ocrx_word' id='word_1_106' title='bbox 473 991 556 1047; x_wconf 72' lang='grc' dir='ltr'><strong><em>ἐγώ</em></strong></span> <span class='ocrx_word' id='word_1_107' title='bbox 587 993 636 1035; x_wconf 79' lang='grc' dir='ltr'><strong><em>τό</em></strong></span> <span class='ocrx_word' id='word_1_108' title='bbox 666 1008 845 1046; x_wconf 90' lang='grc' dir='ltr'><strong><em>πρωτον</em></strong></span> <span class='ocrx_word' id='word_1_109' title='bbox 873 992 920 1036; x_wconf 81' lang='grc' dir='ltr'><strong><em>ἐν</em></strong></span> <span class='ocrx_word' id='word_1_110' title='bbox 949 991 1163 1063; x_wconf 73' lang='grc' dir='ltr'><strong><em>ἠεροειδέϊ</em></strong></span> <span class='ocrx_word' id='word_1_111' title='bbox 1189 992 1360 1052; x_wconf 80' lang='grc' dir='ltr'><strong><em>πόντῳ,</em></strong></span> 
     </span>
     <span class='ocr_line' id='line_1_18' title="bbox 273 1048 1313 1119; baseline 0.001 -28"><span class='ocrx_word' id='word_1_112' title='bbox 273 1048 496 1119; x_wconf 85' lang='grc' dir='ltr'><strong><em>εἰδόμενος</em></strong></span> <span class='ocrx_word' id='word_1_113' title='bbox 520 1051 723 1117; x_wconf 54' lang='lat' dir='ltr'><strong><em>pamm,</em></strong></span> <span class='ocrx_word' id='word_1_114' title='bbox 752 1053 866 1104; x_wconf 85' lang='grc' dir='ltr'><strong><em>θοῆς</em></strong></span> <span class='ocrx_word' id='word_1_115' title='bbox 896 1049 963 1092; x_wconf 78' lang='grc' dir='ltr'><strong><em>ἐπὶ</em></strong></span> <span class='ocrx_word' id='word_1_116' title='bbox 990 1050 1095 1104; x_wconf 80' lang='grc' dir='ltr'><strong><em>νηός</em></strong></span> <span class='ocrx_word' id='word_1_117' title='bbox 1124 1048 1313 1119; x_wconf 81' lang='grc' dir='ltr'><strong><em>ὄρουσα,</em></strong></span> 
     </span>
     <span class='ocr_line' id='line_1_19' title="bbox 275 1103 1370 1175; baseline 0.002 -27"><span class='ocrx_word' id='word_1_118' title='bbox 275 1103 335 1155; x_wconf 82' lang='grc' dir='ltr'><strong><em>ὡς</em></strong></span> <span class='ocrx_word' id='word_1_119' title='bbox 361 1105 458 1160; x_wconf 76' lang='grc' dir='ltr'><strong><em>ἐμοὶ</em></strong></span> <span class='ocrx_word' id='word_1_120' title='bbox 488 1104 694 1160; x_wconf 80' lang='grc' dir='ltr'><strong><em>εὔχεσθαι</em></strong></span> <span class='ocrx_word' id='word_1_121' title='bbox 724 1107 947 1175; x_wconf 84' lang='grc' dir='ltr'><strong><em>Δελφινίῳ</em></strong></span> <span class='ocrx_word' id='word_1_122' title='bbox 979 1105 1140 1162; x_wconf 78' lang='grc' dir='ltr'><strong><em>(αὐτὰρ</em></strong></span> <span class='ocrx_word' id='word_1_123' title='bbox 1173 1105 1195 1150; x_wconf 89' lang='grc' dir='ltr'>ὁ</span> <span class='ocrx_word' id='word_1_124' title='bbox 1223 1104 1370 1162; x_wconf 78' lang='grc' dir='ltr'><strong><em>βωμός</em></strong></span> 
     </span>
     <span class='ocr_line' id='line_1_20' title="bbox 276 1159 1322 1216; baseline 0.001 -12"><span class='ocrx_word' id='word_1_125' title='bbox 276 1159 411 1212; x_wconf 78' lang='grc' dir='ltr'><strong><em>αὐτός</em></strong></span> <span class='ocrx_word' id='word_1_126' title='bbox 439 1162 652 1216; x_wconf 82' lang='grc' dir='ltr'><strong><em>Δὲλφειος</em></strong></span> <span class='ocrx_word' id='word_1_127' title='bbox 685 1163 759 1204; x_wconf 86' lang='grc' dir='ltr'><strong><em>καὶ</em></strong></span> <span class='ocrx_word' id='word_1_128' title='bbox 787 1161 966 1213; x_wconf 80' lang='grc' dir='ltr'><strong><em>ἐπόψιος</em></strong></span> <span class='ocrx_word' id='word_1_129' title='bbox 996 1163 1164 1206; x_wconf 76' lang='grc' dir='ltr'><strong><em>ἔσσεται</em></strong></span> <span class='ocrx_word' id='word_1_130' title='bbox 1194 1165 1322 1211; x_wconf 87' lang='grc' dir='ltr'><strong><em>αἰεί)·</em></strong></span> 
     </span>
    </p>

    <p class='ocr_par' dir='ltr' id='par_1_8' title="bbox 159 1217 1524 1501">
     <span class='ocr_line' id='line_1_21' title="bbox 159 1217 1475 1275; baseline -0.004 -10"><span class='ocrx_word' id='word_1_131' title='bbox 159 1223 244 1265; x_wconf 83' lang='lat'><strong><em>320</em></strong></span> <span class='ocrx_word' id='word_1_132' title='bbox 276 1220 504 1273; x_wconf 84' lang='grc' dir='ltr'><strong><em>δειπνῆσαί</em></strong></span> <span class='ocrx_word' id='word_1_133' title='bbox 534 1217 575 1260; x_wconf 89' lang='grc' dir='ltr'><strong><em>τ’</em></strong></span> <span class='ocrx_word' id='word_1_134' title='bbox 608 1217 683 1272; x_wconf 82' lang='grc' dir='ltr'><strong><em>ἄρ’</em></strong></span> <span class='ocrx_word' id='word_1_135' title='bbox 712 1219 857 1262; x_wconf 68' lang='grc' dir='ltr'><strong><em>ἔπειτα</em></strong></span> <span class='ocrx_word' id='word_1_136' title='bbox 893 1222 985 1275; x_wconf 85' lang='grc' dir='ltr'><strong><em>θοῇ</em></strong></span> <span class='ocrx_word' id='word_1_137' title='bbox 1014 1218 1132 1272; x_wconf 80' lang='grc' dir='ltr'><strong><em>παρά</em></strong></span> <span class='ocrx_word' id='word_1_138' title='bbox 1167 1221 1244 1275; x_wconf 75' lang='grc' dir='ltr'><strong><em>νηϊ</em></strong></span> <span class='ocrx_word' id='word_1_139' title='bbox 1270 1220 1475 1275; x_wconf 82' lang='grc' dir='ltr'><strong><em>μελαίνῃ,</em></strong></span> 
     </span>
     <span class='ocr_line' id='line_1_22' title="bbox 272 1275 1539 1333; baseline 0 -14"><span class='ocrx_word' id='word_1_140' title='bbox 272 1275 349 1319; x_wconf 81' lang='grc' dir='ltr'><strong><em>καὶ</em></strong></span> <span class='ocrx_word' id='word_1_141' title='bbox 382 1279 550 1317; x_wconf 87' lang='grc' dir='ltr'><strong><em>σπεῖσαι</em></strong></span> <span class='ocrx_word' id='word_1_142' title='bbox 583 1275 823 1330; x_wconf 80' lang='grc' dir='ltr'><strong><em>μακάρεσσι</em></strong></span> <span class='ocrx_word' id='word_1_143' title='bbox 852 1280 996 1326; x_wconf 84' lang='grc' dir='ltr'><strong><em>θεοῖς,</em></strong></span> <span class='ocrx_word' id='word_1_144' title='bbox 1029 1279 1073 1319; x_wconf 81' lang='grc' dir='ltr'><strong><em>οἰ</em></strong></span> <span class='ocrx_word' id='word_1_145' title='bbox 1092 1275 1323 1333; x_wconf 82' lang='grc' dir='ltr'><strong><em>”Ολυμπον</em></strong></span> <span class='ocrx_word' id='word_1_146' title='bbox 1354 1276 1539 1332; x_wconf 72' lang='grc' dir='ltr'><strong><em>ἔχουσιν.</em></strong></span> 
     </span>
     <span class='ocr_line' id='line_1_23' title="bbox 272 1329 1383 1402; baseline -0.001 -27"><span class='ocrx_word' id='word_1_147' title='bbox 272 1329 415 1385; x_wconf 85' lang='grc' dir='ltr'><strong><em>αύταρ</em></strong></span> <span class='ocrx_word' id='word_1_148' title='bbox 443 1331 560 1402; x_wconf 77' lang='grc' dir='ltr'><strong><em>ἐπήν</em></strong></span> <span class='ocrx_word' id='word_1_149' title='bbox 581 1334 720 1375; x_wconf 91' lang='grc' dir='ltr'><strong><em>σίτοιο</em></strong></span> <span class='ocrx_word' id='word_1_150' title='bbox 751 1333 1018 1387; x_wconf 89' lang='grc' dir='ltr'><strong><em>μελίφρονος</em></strong></span> <span class='ocrx_word' id='word_1_151' title='bbox 1048 1333 1090 1384; x_wconf 81' lang='grc' dir='ltr'><strong><em>ἐξ</em></strong></span> <span class='ocrx_word' id='word_1_152' title='bbox 1121 1332 1223 1386; x_wconf 73' lang='grc' dir='ltr'><strong><em>ἔρον</em></strong></span> <span class='ocrx_word' id='word_1_153' title='bbox 1252 1334 1383 1385; x_wconf 76' lang='grc' dir='ltr'><strong><em>ἦσθε,</em></strong></span> 
     </span>
     <span class='ocr_line' id='line_1_24' title="bbox 274 1386 1376 1459; baseline 0 -28"><span class='ocrx_word' id='word_1_154' title='bbox 274 1388 480 1444; x_wconf 73' lang='grc' dir='ltr'><strong><em>ἔρχεσθαί</em></strong></span> <span class='ocrx_word' id='word_1_155' title='bbox 509 1386 560 1431; x_wconf 91' lang='grc' dir='ltr'><strong><em>θ’</em></strong></span> <span class='ocrx_word' id='word_1_156' title='bbox 593 1387 662 1440; x_wconf 79' lang='grc' dir='ltr'><strong><em>ἅμ’</em></strong></span> <span class='ocrx_word' id='word_1_157' title='bbox 693 1388 811 1443; x_wconf 79' lang='grc' dir='ltr'><strong><em>ἐμοὶ,</em></strong></span> <span class='ocrx_word' id='word_1_158' title='bbox 843 1390 918 1431; x_wconf 88' lang='grc' dir='ltr'><strong><em>καὶ</em></strong></span> <span class='ocrx_word' id='word_1_159' title='bbox 943 1388 1171 1459; x_wconf 83' lang='grc' dir='ltr'><strong><em>ἰηπαιήον’</em></strong></span> <span class='ocrx_word' id='word_1_160' title='bbox 1204 1387 1376 1446; x_wconf 78' lang='grc' dir='ltr'><strong><em>ἀείδειν,</em></strong></span> 
     </span>
     <span class='ocr_line' id='line_1_25' title="bbox 269 1442 1395 1516; baseline -0.002 -27"><span class='ocrx_word' id='word_1_161' title='bbox 269 1445 411 1489; x_wconf 85' lang='grc' dir='ltr'><strong><em>εἰσόκε</em></strong></span> <span class='ocrx_word' id='word_1_162' title='bbox 440 1449 588 1516; x_wconf 80' lang='grc' dir='ltr'><strong><em>χῶρον</em></strong></span> <span class='ocrx_word' id='word_1_163' title='bbox 616 1447 816 1498; x_wconf 82' lang='grc' dir='ltr'><strong><em>ι’κησθον,</em></strong></span> <span class='ocrx_word' id='word_1_164' title='bbox 847 1442 908 1487; x_wconf 87' lang='grc' dir='ltr'><strong><em>ι’ν’</em></strong></span> <span class='ocrx_word' id='word_1_165' title='bbox 940 1445 1048 1497; x_wconf 76' lang='grc' dir='ltr'><strong><em>ἕξετε</em></strong></span> <span class='ocrx_word' id='word_1_166' title='bbox 1076 1447 1210 1489; x_wconf 85' lang='grc' dir='ltr'><strong><em>πίονα</em></strong></span> <span class='ocrx_word' id='word_1_167' title='bbox 1238 1445 1364 1501; x_wconf 85' lang='grc' dir='ltr'><strong><em>νηόν.</em></strong></span> <span class='ocrx_word' id='word_1_168' title='bbox 1369 1450 1395 1470; x_wconf 88' lang='lat'><strong>“</strong></span> 
     </span>
    </p>
   </div>
   <div class='ocr_carea' id='block_1_4' title="bbox 159 1499 613 1571">
    <p class='ocr_par' dir='ltr' id='par_1_9' title="bbox 159 1499 613 1571">
     <span class='ocr_line' id='line_1_26' title="bbox 159 1499 613 1571; baseline -0.017 -21"><span class='ocrx_word' id='word_1_169' title='bbox 159 1504 243 1550; x_wconf 81' lang='lat'><strong><em>325</em></strong></span> <span class='ocrx_word' id='word_1_170' title='bbox 347 1500 431 1552; x_wconf 79' lang='grc' dir='ltr'><strong><em>Ὣς</em></strong></span> <span class='ocrx_word' id='word_1_171' title='bbox 449 1499 613 1571; x_wconf 78' lang='grc' dir='ltr'><strong><em>ἔφαθ·</em></strong></span> 
     </span>
    </p>
   </div>
   <div class='ocr_carea' id='block_1_5' title="bbox 645 1499 1758 1559">
    <p class='ocr_par' dir='ltr' id='par_1_10' title="bbox 645 1499 1758 1559">
     <span class='ocr_line' id='line_1_27' title="bbox 645 1499 1758 1559; baseline 0.003 -15"><span class='ocrx_word' id='word_1_172' title='bbox 645 1518 687 1544; x_wconf 94' lang='grc' dir='ltr'><strong><em>οι</em></strong></span> <span class='ocrx_word' id='word_1_173' title='bbox 717 1501 761 1545; x_wconf 91' lang='grc' dir='ltr'><strong><em>δ’</em></strong></span> <span class='ocrx_word' id='word_1_174' title='bbox 793 1501 878 1555; x_wconf 90' lang='grc' dir='ltr'><strong><em>άρα</em></strong></span> <span class='ocrx_word' id='word_1_175' title='bbox 908 1506 988 1545; x_wconf 86' lang='grc' dir='ltr'><strong><em>τοῦ</em></strong></span> <span class='ocrx_word' id='word_1_176' title='bbox 1008 1503 1124 1556; x_wconf 90' lang='grc' dir='ltr'><strong><em>μάλα</em></strong></span> <span class='ocrx_word' id='word_1_177' title='bbox 1149 1503 1228 1555; x_wconf 77' lang='grc' dir='ltr'><strong><em>μὲν</em></strong></span> <span class='ocrx_word' id='word_1_178' title='bbox 1253 1502 1414 1556; x_wconf 83' lang='grc' dir='ltr'><strong><em>κλύον,</em></strong></span> <span class='ocrx_word' id='word_1_179' title='bbox 1430 1499 1505 1559; x_wconf 78' lang='grc' dir='ltr'><strong><em>ἧδ’</em></strong></span> <span class='ocrx_word' id='word_1_180' title='bbox 1535 1501 1758 1547; x_wconf 74' lang='grc' dir='ltr'><strong><em>ἐπίθοντο.</em></strong></span> 
     </span>
    </p>
   </div>
   <div class='ocr_carea' id='block_1_6' title="bbox 160 1558 1648 1913">
    <p class='ocr_par' dir='ltr' id='par_1_11' title="bbox 160 1558 1648 1898">
     <span class='ocr_line' id='line_1_28' title="bbox 273 1558 1383 1630; baseline -0.001 -29"><span class='ocrx_word' id='word_1_181' title='bbox 273 1560 387 1601; x_wconf 76' lang='grc' dir='ltr'><strong><em>ἱστία</em></strong></span> <span class='ocrx_word' id='word_1_182' title='bbox 415 1574 494 1629; x_wconf 89' lang='grc' dir='ltr'><strong><em>μεν</em></strong></span> <span class='ocrx_word' id='word_1_183' title='bbox 523 1561 696 1612; x_wconf 78' lang='grc' dir='ltr'><strong><em>πρῶτον</em></strong></span> <span class='ocrx_word' id='word_1_184' title='bbox 723 1558 941 1606; x_wconf 77' lang='grc' dir='ltr'><strong><em>κάθεσαν,</em></strong></span> <span class='ocrx_word' id='word_1_185' title='bbox 971 1563 1112 1602; x_wconf 84' lang='grc' dir='ltr'><strong><em>λῦσαν</em></strong></span> <span class='ocrx_word' id='word_1_186' title='bbox 1143 1558 1189 1602; x_wconf 81' lang='grc' dir='ltr'><strong><em>δὲ</em></strong></span> <span class='ocrx_word' id='word_1_187' title='bbox 1218 1561 1383 1630; x_wconf 85' lang='grc' dir='ltr'><strong><em>βοείας·</em></strong></span> 
     </span>
     <span class='ocr_line' id='line_1_29' title="bbox 276 1613 1500 1685; baseline 0 -27"><span class='ocrx_word' id='word_1_188' title='bbox 276 1616 400 1659; x_wconf 83' lang='grc' dir='ltr'><strong><em>ιστόν</em></strong></span> <span class='ocrx_word' id='word_1_189' title='bbox 431 1613 471 1658; x_wconf 89' lang='grc' dir='ltr'><strong><em>δ’</em></strong></span> <span class='ocrx_word' id='word_1_190' title='bbox 487 1615 710 1685; x_wconf 84' lang='grc' dir='ltr'><strong><em>ἱστοδόκῃ</em></strong></span> <span class='ocrx_word' id='word_1_191' title='bbox 741 1616 954 1667; x_wconf 80' lang='grc' dir='ltr'><strong><em>πέλασαν,</em></strong></span> <span class='ocrx_word' id='word_1_192' title='bbox 985 1615 1268 1668; x_wconf 90' lang='grc' dir='ltr'><strong><em>προτόνοισιν</em></strong></span> <span class='ocrx_word' id='word_1_193' title='bbox 1296 1614 1500 1670; x_wconf 80' lang='grc' dir='ltr'><strong><em>ὑφέντες·</em></strong></span> 
     </span>
     <span class='ocr_line' id='line_1_30' title="bbox 273 1669 1406 1743; baseline -0.001 -29"><span class='ocrx_word' id='word_1_194' title='bbox 273 1671 322 1715; x_wconf 72' lang='grc' dir='ltr'><strong><em>ἐκ</em></strong></span> <span class='ocrx_word' id='word_1_195' title='bbox 354 1672 399 1714; x_wconf 83' lang='grc' dir='ltr'><strong><em>δε</em></strong></span> <span class='ocrx_word' id='word_1_196' title='bbox 428 1672 501 1714; x_wconf 88' lang='grc' dir='ltr'><strong><em>καὶ</em></strong></span> <span class='ocrx_word' id='word_1_197' title='bbox 532 1669 656 1714; x_wconf 82' lang='grc' dir='ltr'><strong><em>αὐτοι</em></strong></span> <span class='ocrx_word' id='word_1_198' title='bbox 687 1674 830 1726; x_wconf 82' lang='grc' dir='ltr'><strong><em>βῆσαν</em></strong></span> <span class='ocrx_word' id='word_1_199' title='bbox 861 1671 928 1714; x_wconf 80' lang='grc' dir='ltr'><strong><em>ἐπὶ</em></strong></span> <span class='ocrx_word' id='word_1_200' title='bbox 960 1672 1148 1742; x_wconf 79' lang='grc' dir='ltr'><strong><em>ῥηγμῖνι</em></strong></span> <span class='ocrx_word' id='word_1_201' title='bbox 1161 1671 1406 1743; x_wconf 86' lang='grc' dir='ltr'><strong><em>θαλάσσης.</em></strong></span> 
     </span>
     <span class='ocr_line' id='line_1_31' title="bbox 275 1727 1417 1784; baseline 0 -13"><span class='ocrx_word' id='word_1_202' title='bbox 275 1729 323 1771; x_wconf 81' lang='grc' dir='ltr'><strong><em>ἐκ</em></strong></span> <span class='ocrx_word' id='word_1_203' title='bbox 354 1727 398 1771; x_wconf 89' lang='grc' dir='ltr'><strong><em>δ’</em></strong></span> <span class='ocrx_word' id='word_1_204' title='bbox 431 1727 536 1779; x_wconf 79' lang='grc' dir='ltr'><strong><em>ἁλὸς</em></strong></span> <span class='ocrx_word' id='word_1_205' title='bbox 565 1728 797 1783; x_wconf 79' lang='grc' dir='ltr'><strong><em>ἤπειρόνδε</em></strong></span> <span class='ocrx_word' id='word_1_206' title='bbox 826 1727 943 1783; x_wconf 79' lang='grc' dir='ltr'><strong><em>θοήν</em></strong></span> <span class='ocrx_word' id='word_1_207' title='bbox 973 1728 1056 1771; x_wconf 65' lang='lat' dir='ltr'><strong><em>&lt;ivd</em></strong></span> <span class='ocrx_word' id='word_1_208' title='bbox 1095 1727 1169 1784; x_wconf 82' lang='grc' dir='ltr'><strong><em>νῆ’</em></strong></span> <span class='ocrx_word' id='word_1_209' title='bbox 1201 1728 1417 1783; x_wconf 81' lang='grc' dir='ltr'><strong><em>ἐρύσαντο</em></strong></span> 
     </span>
     <span class='ocr_line' id='line_1_32' title="bbox 160 1783 1648 1841; baseline 0.001 -14"><span class='ocrx_word' id='word_1_210' title='bbox 160 1793 243 1833; x_wconf 82' lang='grc'><strong><em>330</em></strong></span> <span class='ocrx_word' id='word_1_211' title='bbox 273 1783 397 1836; x_wconf 79' lang='grc' dir='ltr'><strong><em>’ὑψοῦ</em></strong></span> <span class='ocrx_word' id='word_1_212' title='bbox 427 1785 495 1828; x_wconf 79' lang='grc' dir='ltr'><strong><em>ἐπὶ</em></strong></span> <span class='ocrx_word' id='word_1_213' title='bbox 524 1785 768 1840; x_wconf 81' lang='grc' dir='ltr'><strong><em>ψαμάθοις,</em></strong></span> <span class='ocrx_word' id='word_1_214' title='bbox 800 1787 920 1838; x_wconf 78' lang='grc' dir='ltr'><strong><em>παρά</em></strong></span> <span class='ocrx_word' id='word_1_215' title='bbox 952 1787 994 1828; x_wconf 90' lang='grc' dir='ltr'><strong><em>δ’</em></strong></span> <span class='ocrx_word' id='word_1_216' title='bbox 1029 1785 1192 1841; x_wconf 81' lang='grc' dir='ltr'><strong><em>ἕρματα</em></strong></span> <span class='ocrx_word' id='word_1_217' title='bbox 1223 1785 1372 1841; x_wconf 81' lang='grc' dir='ltr'><strong><em>μακρὰ</em></strong></span> <span class='ocrx_word' id='word_1_218' title='bbox 1403 1783 1648 1838; x_wconf 83' lang='grc' dir='ltr'><strong><em>τάνυσσαν,</em></strong></span> 
     </span>
     <span class='ocr_line' id='line_1_33' title="bbox 271 1841 1326 1913; baseline 0.001 -29"><span class='ocrx_word' id='word_1_219' title='bbox 271 1843 347 1885; x_wconf 81' lang='grc' dir='ltr'><strong><em>καὶ</em></strong></span> <span class='ocrx_word' id='word_1_220' title='bbox 376 1841 528 1912; x_wconf 83' lang='grc' dir='ltr'><strong><em>βωμὸν</em></strong></span> <span class='ocrx_word' id='word_1_221' title='bbox 558 1843 746 1897; x_wconf 88' lang='grc' dir='ltr'><strong><em>ποίησαν</em></strong></span> <span class='ocrx_word' id='word_1_222' title='bbox 776 1842 844 1885; x_wconf 79' lang='grc' dir='ltr'><strong><em>ἐπὶ</em></strong></span> <span class='ocrx_word' id='word_1_223' title='bbox 877 1843 1054 1913; x_wconf 81' lang='grc' dir='ltr'><strong><em>ῥηγμῖνι</em></strong></span> <span class='ocrx_word' id='word_1_224' title='bbox 1078 1842 1326 1897; x_wconf 84' lang='grc' dir='ltr'><strong><em>θαλάσσης·</em></strong></span> 
     </span>
    </p>
   </div>
   <div class='ocr_carea' id='block_1_7' title="bbox 271 1897 929 1952">
    <p class='ocr_par' dir='ltr' id='par_1_12' title="bbox 271 1897 929 1952">
     <span class='ocr_line' id='line_1_34' title="bbox 271 1897 929 1952; baseline -0.002 -10"><span class='ocrx_word' id='word_1_225' title='bbox 271 1902 363 1952; x_wconf 84' lang='grc' dir='ltr'><strong><em>πῦρ</em></strong></span> <span class='ocrx_word' id='word_1_226' title='bbox 395 1897 438 1941; x_wconf 86' lang='grc' dir='ltr'><strong><em>δ’</em></strong></span> <span class='ocrx_word' id='word_1_227' title='bbox 470 1899 758 1950; x_wconf 79' lang='grc' dir='ltr'><strong><em>ἐπικαίοντες,</em></strong></span> <span class='ocrx_word' id='word_1_228' title='bbox 793 1899 862 1942; x_wconf 78' lang='grc' dir='ltr'><strong><em>ἐπί</em></strong></span> <span class='ocrx_word' id='word_1_229' title='bbox 890 1898 929 1941; x_wconf 89' lang='grc' dir='ltr'><strong><em>τ’</em></strong></span> 
     </span>
    </p>
   </div>
   <div class='ocr_carea' id='block_1_8' title="bbox 962 1897 1528 1954">
    <p class='ocr_par' dir='ltr' id='par_1_13' title="bbox 962 1897 1528 1954">
     <span class='ocr_line' id='line_1_35' title="bbox 962 1897 1528 1954; baseline 0.002 -13"><span class='ocrx_word' id='word_1_230' title='bbox 962 1898 1121 1954; x_wconf 86' lang='grc' dir='ltr'><strong><em>άλφιτα</em></strong></span> <span class='ocrx_word' id='word_1_231' title='bbox 1151 1901 1285 1942; x_wconf 78' lang='grc' dir='ltr'><strong><em>λευκοὶ</em></strong></span> <span class='ocrx_word' id='word_1_232' title='bbox 1315 1897 1528 1952; x_wconf 86' lang='grc' dir='ltr'><strong><em>θύοντες,</em></strong></span> 
     </span>
    </p>
   </div>
   <div class='ocr_carea' id='block_1_9' title="bbox 157 1953 1763 2240">
    <p class='ocr_par' dir='ltr' id='par_1_14' title="bbox 157 1953 1763 2240">
     <span class='ocr_line' id='line_1_36' title="bbox 272 1953 1460 2011; baseline -0.001 -12"><span class='ocrx_word' id='word_1_233' title='bbox 272 1953 470 2010; x_wconf 82' lang='grc' dir='ltr'><strong><em>εὔχονθ’,</em></strong></span> <span class='ocrx_word' id='word_1_234' title='bbox 503 1954 563 2006; x_wconf 70' lang='grc' dir='ltr'><strong><em>(ὃς</em></strong></span> <span class='ocrx_word' id='word_1_235' title='bbox 593 1955 783 2007; x_wconf 81' lang='grc' dir='ltr'><strong><em>ἐκέλευε,</em></strong></span> <span class='ocrx_word' id='word_1_236' title='bbox 819 1956 1135 2010; x_wconf 87' lang='grc' dir='ltr'><strong><em>παριστάμενοι</em></strong></span> <span class='ocrx_word' id='word_1_237' title='bbox 1163 1972 1263 2009; x_wconf 87' lang='grc' dir='ltr'><strong><em>περι</em></strong></span> <span class='ocrx_word' id='word_1_238' title='bbox 1294 1954 1460 2011; x_wconf 87' lang='grc' dir='ltr'><strong><em>βωμόν.</em></strong></span> 
     </span>
     <span class='ocr_line' id='line_1_37' title="bbox 273 2011 1426 2068; baseline -0.002 -12"><span class='ocrx_word' id='word_1_239' title='bbox 273 2012 444 2065; x_wconf 87' lang='grc' dir='ltr'><strong><em>δόρπον</em></strong></span> <span class='ocrx_word' id='word_1_240' title='bbox 475 2011 614 2061; x_wconf 78' lang='grc' dir='ltr'><strong><em>ἔπειθ’</em></strong></span> <span class='ocrx_word' id='word_1_241' title='bbox 650 2015 818 2055; x_wconf 85' lang='grc' dir='ltr'><strong><em>εἴλοντο</em></strong></span> <span class='ocrx_word' id='word_1_242' title='bbox 848 2016 939 2068; x_wconf 79' lang='grc' dir='ltr'><strong><em>θοῃ</em></strong></span> <span class='ocrx_word' id='word_1_243' title='bbox 968 2028 1089 2067; x_wconf 91' lang='grc' dir='ltr'><strong><em>παρα</em></strong></span> <span class='ocrx_word' id='word_1_244' title='bbox 1116 2015 1193 2067; x_wconf 82' lang='grc' dir='ltr'><strong><em>νηϊ</em></strong></span> <span class='ocrx_word' id='word_1_245' title='bbox 1220 2015 1426 2068; x_wconf 82' lang='grc' dir='ltr'><strong><em>μελαίνη,</em></strong></span> 
     </span>
     <span class='ocr_line' id='line_1_38' title="bbox 157 2068 1542 2124; baseline -0.003 -10"><span class='ocrx_word' id='word_1_246' title='bbox 157 2072 241 2116; x_wconf 79' lang='grc'><strong><em>335</em></strong></span> <span class='ocrx_word' id='word_1_247' title='bbox 271 2069 346 2113; x_wconf 86' lang='grc' dir='ltr'><strong><em>καὶ</em></strong></span> <span class='ocrx_word' id='word_1_248' title='bbox 377 2074 560 2112; x_wconf 89' lang='grc' dir='ltr'><strong><em>σπεῖσαν</em></strong></span> <span class='ocrx_word' id='word_1_249' title='bbox 589 2069 831 2123; x_wconf 85' lang='grc' dir='ltr'><strong><em>μακάρεσσι</em></strong></span> <span class='ocrx_word' id='word_1_250' title='bbox 858 2075 1004 2120; x_wconf 80' lang='grc' dir='ltr'><strong><em>θεοῖς,</em></strong></span> <span class='ocrx_word' id='word_1_251' title='bbox 1036 2073 1079 2112; x_wconf 91' lang='grc' dir='ltr'><strong><em>οι</em></strong></span> <span class='ocrx_word' id='word_1_252' title='bbox 1096 2068 1324 2123; x_wconf 85' lang='grc' dir='ltr'><strong><em>”Ολυμπον</em></strong></span> <span class='ocrx_word' id='word_1_253' title='bbox 1355 2069 1542 2124; x_wconf 74' lang='grc' dir='ltr'><strong><em>ἔχουσιν.</em></strong></span> 
     </span>
     <span class='ocr_line' id='line_1_39' title="bbox 276 2124 1392 2194; baseline -0.001 -25"><span class='ocrx_word' id='word_1_254' title='bbox 276 2124 417 2179; x_wconf 81' lang='grc' dir='ltr'><strong><em>αὐτάρ</em></strong></span> <span class='ocrx_word' id='word_1_255' title='bbox 448 2125 539 2168; x_wconf 79' lang='grc' dir='ltr'><strong><em>ἐπεὶ</em></strong></span> <span class='ocrx_word' id='word_1_256' title='bbox 565 2125 721 2176; x_wconf 88' lang='grc' dir='ltr'><strong><em>πόσιος</em></strong></span> <span class='ocrx_word' id='word_1_257' title='bbox 748 2127 821 2169; x_wconf 79' lang='grc' dir='ltr'><strong><em>καὶ</em></strong></span> <span class='ocrx_word' id='word_1_258' title='bbox 834 2126 1033 2194; x_wconf 80' lang='grc' dir='ltr'><strong><em>ἐδητύος</em></strong></span> <span class='ocrx_word' id='word_1_259' title='bbox 1063 2127 1105 2176; x_wconf 81' lang='grc' dir='ltr'><strong><em>ἐξ</em></strong></span> <span class='ocrx_word' id='word_1_260' title='bbox 1134 2126 1239 2177; x_wconf 78' lang='grc' dir='ltr'><strong><em>ἔρον</em></strong></span> <span class='ocrx_word' id='word_1_261' title='bbox 1269 2125 1392 2173; x_wconf 78' lang='grc' dir='ltr'><strong><em>ἕντο,</em></strong></span> 
     </span>
     <span class='ocr_line' id='line_1_40' title="bbox 272 2178 1763 2240; baseline -0.001 -14"><span class='ocrx_word' id='word_1_262' title='bbox 272 2181 360 2239; x_wconf 89' lang='grc' dir='ltr'><strong><em>βάν</em></strong></span> <span class='ocrx_word' id='word_1_263' title='bbox 390 2180 435 2239; x_wconf 88' lang='grc' dir='ltr'><strong><em>ῥ’</em></strong></span> <span class='ocrx_word' id='word_1_264' title='bbox 466 2184 585 2239; x_wconf 83' lang='grc' dir='ltr'><strong><em>ἴμεν·</em></strong></span> <span class='ocrx_word' id='word_1_265' title='bbox 615 2184 718 2240; x_wconf 78' lang='grc' dir='ltr'><strong><em>ἦρχε</em></strong></span> <span class='ocrx_word' id='word_1_266' title='bbox 745 2181 793 2226; x_wconf 83' lang='grc' dir='ltr'><strong><em>δ’</em></strong></span> <span class='ocrx_word' id='word_1_267' title='bbox 826 2180 914 2237; x_wconf 81' lang='grc' dir='ltr'><strong><em>άρα</em></strong></span> <span class='ocrx_word' id='word_1_268' title='bbox 941 2195 1048 2240; x_wconf 90' lang='grc' dir='ltr'><strong><em>σφιν</em></strong></span> <span class='ocrx_word' id='word_1_269' title='bbox 1077 2181 1208 2236; x_wconf 82' lang='grc' dir='ltr'><strong><em>α’ναξ,</em></strong></span> <span class='ocrx_word' id='word_1_270' title='bbox 1239 2183 1350 2234; x_wconf 80' lang='grc' dir='ltr'><strong><em>Διός</em></strong></span> <span class='ocrx_word' id='word_1_271' title='bbox 1378 2181 1501 2234; x_wconf 82' lang='grc' dir='ltr'><strong><em>υἱὸς,</em></strong></span> <span class='ocrx_word' id='word_1_272' title='bbox 1527 2178 1763 2235; x_wconf 84' lang='grc' dir='ltr'><strong><em>Ἀπόλλων,</em></strong></span> 
     </span>
    </p>
   </div>
   <div class='ocr_carea' id='block_1_10' title="bbox 100 2338 913 2663">
    <p class='ocr_par' dir='ltr' id='par_1_15' title="bbox 100 2338 913 2663">
     <span class='ocr_line' id='line_1_41' title="bbox 147 2338 912 2385; baseline -0.004 -6"><span class='ocrx_word' id='word_1_273' title='bbox 147 2343 230 2379; x_wconf 78' lang='grc'><strong><em>302.</em></strong></span> <span class='ocrx_word' id='word_1_274' title='bbox 277 2338 534 2384; x_wconf 80' lang='grc' dir='ltr'><strong><em>τετιμένοι.</em></strong></span> <span class='ocrx_word' id='word_1_275' title='bbox 576 2339 678 2375; x_wconf 86' lang='lat' dir='ltr'>libri:</span> <span class='ocrx_word' id='word_1_276' title='bbox 713 2339 912 2385; x_wconf 82' lang='grc' dir='ltr'><strong><em>τετιμένον.</em></strong></span> 
     </span>
     <span class='ocr_line' id='line_1_42' title="bbox 102 2387 912 2431; baseline -0.001 -8"><span class='ocrx_word' id='word_1_277' title='bbox 102 2388 298 2423; x_wconf 84' lang='lat' dir='ltr'><strong>emendavit</strong></span> <span class='ocrx_word' id='word_1_278' title='bbox 329 2389 449 2421; x_wconf 85' lang='lat' dir='ltr'><strong>Herm.</strong></span> <span class='ocrx_word' id='word_1_279' title='bbox 464 2411 474 2428; x_wconf 97' lang='lat'>,</span> <span class='ocrx_word' id='word_1_280' title='bbox 516 2398 629 2431; x_wconf 88' lang='lat' dir='ltr'><strong>neque</strong></span> <span class='ocrx_word' id='word_1_281' title='bbox 665 2387 729 2421; x_wconf 90' lang='lat' dir='ltr'><strong><em>hoc</em></strong></span> <span class='ocrx_word' id='word_1_282' title='bbox 771 2389 912 2422; x_wconf 83' lang='lat' dir='ltr'><strong>verbum</strong></span> 
     </span>
     <span class='ocr_line' id='line_1_43' title="bbox 101 2434 911 2479; baseline 0 -11"><span class='ocrx_word' id='word_1_283' title='bbox 101 2435 203 2469; x_wconf 82' lang='lat' dir='ltr'><strong>aliter</strong></span> <span class='ocrx_word' id='word_1_284' title='bbox 226 2445 327 2479; x_wconf 88' lang='lat' dir='ltr'><strong>quam</strong></span> <span class='ocrx_word' id='word_1_285' title='bbox 351 2434 384 2467; x_wconf 90' lang='lat' dir='ltr'><strong><em>in</em></strong></span> <span class='ocrx_word' id='word_1_286' title='bbox 411 2434 568 2477; x_wconf 82' lang='lat' dir='ltr'>personis</span> <span class='ocrx_word' id='word_1_287' title='bbox 601 2438 787 2477; x_wconf 83' lang='lat' dir='ltr'><strong>usurpatur</strong></span> <span class='ocrx_word' id='word_1_288' title='bbox 821 2434 911 2478; x_wconf 86' lang='lat' dir='ltr'><strong>apud</strong></span> 
     </span>
     <span class='ocr_line' id='line_1_44' title="bbox 100 2478 911 2524; baseline 0 -10"><span class='ocrx_word' id='word_1_289' title='bbox 100 2481 296 2515; x_wconf 85' lang='lat' dir='ltr'><strong>Homerum.</strong></span> <span class='ocrx_word' id='word_1_290' title='bbox 333 2481 378 2513; x_wconf 82' lang='lat' dir='ltr'><strong><em>cf.</em></strong></span> <span class='ocrx_word' id='word_1_291' title='bbox 403 2479 481 2514; x_wconf 71' lang='lat'>345.</span> <span class='ocrx_word' id='word_1_292' title='bbox 514 2478 632 2512; x_wconf 87' lang='lat' dir='ltr'><strong>eadem</strong></span> <span class='ocrx_word' id='word_1_293' title='bbox 657 2491 762 2523; x_wconf 83' lang='lat' dir='ltr'><strong>opera</strong></span> <span class='ocrx_word' id='word_1_294' title='bbox 788 2481 911 2524; x_wconf 83' lang='lat' dir='ltr'><strong>vulga-</strong></span> 
     </span>
     <span class='ocr_line' id='line_1_45' title="bbox 100 2525 912 2582; baseline -0.002 -21"><span class='ocrx_word' id='word_1_295' title='bbox 100 2533 174 2564; x_wconf 79' lang='lat' dir='ltr'><strong><em>tum</em></strong></span> <span class='ocrx_word' id='word_1_296' title='bbox 197 2528 321 2570; x_wconf 82' lang='grc' dir='ltr'><strong><em>τίμιον</em></strong></span> <span class='ocrx_word' id='word_1_297' title='bbox 345 2525 598 2560; x_wconf 82' lang='lat' dir='ltr'><strong>emendavimus</strong></span> <span class='ocrx_word' id='word_1_298' title='bbox 623 2526 716 2564; x_wconf 65' lang='lat'>306„</span> <span class='ocrx_word' id='word_1_299' title='bbox 741 2526 800 2571; x_wconf 87' lang='lat' dir='ltr'><strong><em>qui</em></strong></span> <span class='ocrx_word' id='word_1_300' title='bbox 817 2539 912 2582; x_wconf 86' lang='grc' dir='ltr'><strong><em>παρ-</em></strong></span> 
     </span>
     <span class='ocr_line' id='line_1_46' title="bbox 101 2569 908 2628; baseline -0.011 -20"><span class='ocrx_word' id='word_1_301' title='bbox 101 2571 257 2628; x_wconf 77' lang='grc' dir='ltr'><strong><em>ἀλληλος</em></strong></span> <span class='ocrx_word' id='word_1_302' title='bbox 294 2571 388 2606; x_wconf 81' lang='lat' dir='ltr'><strong>locus</strong></span> <span class='ocrx_word' id='word_1_303' title='bbox 421 2575 485 2604; x_wconf 89' lang='lat' dir='ltr'><strong>est.</strong></span> <span class='ocrx_word' id='word_1_304' title='bbox 533 2570 660 2614; x_wconf 69' lang='lat' dir='ltr'><strong>Odjss.</strong></span> <span class='ocrx_word' id='word_1_305' title='bbox 686 2569 729 2612; x_wconf 81' lang='grc' dir='ltr'><strong><em>κ’,</em></strong></span> <span class='ocrx_word' id='word_1_306' title='bbox 763 2574 840 2607; x_wconf 83' lang='lat'>38.:</span> <span class='ocrx_word' id='word_1_307' title='bbox 880 2585 908 2606; x_wconf 87' lang='grc' dir='ltr'>ω</span> 
     </span>
     <span class='ocr_line' id='line_1_47' title="bbox 100 2615 913 2663; baseline -0.001 -9"><span class='ocrx_word' id='word_1_308' title='bbox 100 2618 238 2660; x_wconf 88' lang='grc' dir='ltr'><strong><em>πόποι,</em></strong></span> <span class='ocrx_word' id='word_1_309' title='bbox 265 2631 315 2658; x_wconf 86' lang='grc' dir='ltr'><strong><em>ως</em></strong></span> <span class='ocrx_word' id='word_1_310' title='bbox 349 2615 414 2653; x_wconf 82' lang='grc' dir='ltr'><strong><em>ὅδε</em></strong></span> <span class='ocrx_word' id='word_1_311' title='bbox 436 2618 527 2652; x_wconf 84' lang='grc' dir='ltr'><strong><em>πᾶσι</em></strong></span> <span class='ocrx_word' id='word_1_312' title='bbox 559 2620 665 2661; x_wconf 84' lang='grc' dir='ltr'><strong><em>φίλος</em></strong></span> <span class='ocrx_word' id='word_1_313' title='bbox 694 2618 758 2653; x_wconf 81' lang='grc' dir='ltr'><strong><em>καὶ</em></strong></span> <span class='ocrx_word' id='word_1_314' title='bbox 791 2618 913 2663; x_wconf 84' lang='grc' dir='ltr'><strong><em>τίμιός</em></strong></span> 
     </span>
    </p>
   </div>
   <div class='ocr_carea' id='block_1_11' title="bbox 101 2661 909 2754">
    <p class='ocr_par' dir='ltr' id='par_1_16' title="bbox 101 2661 909 2754">
     <span class='ocr_line' id='line_1_48' title="bbox 101 2661 459 2707; baseline -0.012 -5"><span class='ocrx_word' id='word_1_315' title='bbox 101 2664 200 2702; x_wconf 77' lang='grc' dir='ltr'><strong><em>ἐστιν</em></strong></span> <span class='ocrx_word' id='word_1_316' title='bbox 219 2661 459 2707; x_wconf 66' lang='grc' dir='ltr'><strong><em>Ἀνθρώποις.</em></strong></span> 
     </span>
     <span class='ocr_line' id='line_1_49' title="bbox 147 2707 909 2754; baseline -0.004 -7"><span class='ocrx_word' id='word_1_317' title='bbox 147 2714 228 2747; x_wconf 88' lang='grc'><strong><em>310.</em></strong></span> <span class='ocrx_word' id='word_1_318' title='bbox 291 2710 379 2744; x_wconf 84' lang='lat' dir='ltr'><strong>haud</strong></span> <span class='ocrx_word' id='word_1_319' title='bbox 427 2709 515 2744; x_wconf 80' lang='lat' dir='ltr'><strong>male</strong></span> <span class='ocrx_word' id='word_1_320' title='bbox 567 2707 796 2743; x_wconf 77' lang='lat' dir='ltr'><strong>Buttmannus</strong></span> <span class='ocrx_word' id='word_1_321' title='bbox 852 2721 909 2754; x_wconf 83' lang='lat' dir='ltr'><strong><em>ap.</em></strong></span> 
     </span>
    </p>
   </div>
   <div class='ocr_carea' id='block_1_12' title="bbox 100 2754 909 2802">
    <p class='ocr_par' dir='ltr' id='par_1_17' title="bbox 100 2754 909 2802">
     <span class='ocr_line' id='line_1_50' title="bbox 100 2754 909 2802; baseline -0.004 -10"><span class='ocrx_word' id='word_1_322' title='bbox 100 2757 253 2792; x_wconf 86' lang='lat' dir='ltr'><strong>Frank.·</strong></span> <span class='ocrx_word' id='word_1_323' title='bbox 276 2757 415 2802; x_wconf 86' lang='grc' dir='ltr'><strong><em>βοῆας,</em></strong></span> <span class='ocrx_word' id='word_1_324' title='bbox 456 2760 495 2789; x_wconf 87' lang='lat' dir='ltr'><strong><em>ut</em></strong></span> <span class='ocrx_word' id='word_1_325' title='bbox 517 2754 669 2798; x_wconf 82' lang='grc' dir='ltr'><strong><em>βοεῦσιν</em></strong></span> <span class='ocrx_word' id='word_1_326' title='bbox 692 2757 794 2796; x_wconf 70' lang='grc' dir='ltr'><strong><em>23οἿ</em></strong></span> <span class='ocrx_word' id='word_1_327' title='bbox 785 2767 795 2776; x_wconf 88' lang='grc'><strong><em>·</em></strong></span> <span class='ocrx_word' id='word_1_328' title='bbox 819 2757 909 2800; x_wconf 87' lang='lat' dir='ltr'><strong>quod</strong></span> 
     </span>
    </p>
   </div>
   <div class='ocr_carea' id='block_1_13' title="bbox 98 2802 911 2893">
    <p class='ocr_par' dir='ltr' id='par_1_18' title="bbox 98 2802 911 2893">
     <span class='ocr_line' id='line_1_51' title="bbox 98 2802 534 2857; baseline -0.009 -19"><span class='ocrx_word' id='word_1_329' title='bbox 98 2804 181 2838; x_wconf 85' lang='lat' dir='ltr'><strong>item</strong></span> <span class='ocrx_word' id='word_1_330' title='bbox 205 2804 284 2839; x_wconf 74' lang='lat'>326.</span> <span class='ocrx_word' id='word_1_331' title='bbox 311 2802 534 2857; x_wconf 84' lang='lat' dir='ltr'><strong>reposuerim.</strong></span> 
     </span>
     <span class='ocr_line' id='line_1_52' title="bbox 144 2845 911 2893; baseline -0.004 -9"><span class='ocrx_word' id='word_1_332' title='bbox 144 2851 225 2884; x_wconf 89' lang='grc'><strong><em>311.</em></strong></span> <span class='ocrx_word' id='word_1_333' title='bbox 272 2847 325 2883; x_wconf 79' lang='grc' dir='ltr'><strong><em>ἐπ</em></strong></span> <span class='ocrx_word' id='word_1_334' title='bbox 337 2849 350 2883; x_wconf 86' lang='grc' dir='ltr'><strong><em>ὶ</em></strong></span> <span class='ocrx_word' id='word_1_335' title='bbox 382 2845 439 2893; x_wconf 85' lang='grc' dir='ltr'><strong><em>ἠπ</em></strong></span> <span class='ocrx_word' id='word_1_336' title='bbox 450 2848 491 2883; x_wconf 86' lang='grc' dir='ltr'><strong><em>εί</em></strong></span> <span class='ocrx_word' id='word_1_337' title='bbox 501 2859 522 2890; x_wconf 85' lang='grc' dir='ltr'><strong><em>ρ</em></strong></span> <span class='ocrx_word' id='word_1_338' title='bbox 535 2860 554 2882; x_wconf 91' lang='lat' dir='ltr'>o</span> <span class='ocrx_word' id='word_1_339' title='bbox 566 2859 602 2881; x_wconf 87' lang='lat' dir='ltr'><strong><em>v·</em></strong></span> <span class='ocrx_word' id='word_1_340' title='bbox 643 2846 759 2880; x_wconf 74' lang='lat' dir='ltr'><strong>hiatus</strong></span> <span class='ocrx_word' id='word_1_341' title='bbox 782 2846 911 2881; x_wconf 82' lang='lat' dir='ltr'><strong>intole-</strong></span> 
     </span>
    </p>
   </div>
   <div class='ocr_carea' id='block_1_14' title="bbox 100 2891 909 2988">
    <p class='ocr_par' dir='ltr' id='par_1_19' title="bbox 100 2891 909 2988">
     <span class='ocr_line' id='line_1_53' title="bbox 100 2891 872 2938; baseline -0.004 -8"><span class='ocrx_word' id='word_1_342' title='bbox 100 2894 234 2930; x_wconf 82' lang='lat' dir='ltr'>rabilis.</span> <span class='ocrx_word' id='word_1_343' title='bbox 281 2894 490 2928; x_wconf 85' lang='lat' dir='ltr'><strong>scribamus·</strong></span> <span class='ocrx_word' id='word_1_344' title='bbox 514 2893 614 2938; x_wconf 77' lang='grc' dir='ltr'><strong><em>θοήν</em></strong></span> <span class='ocrx_word' id='word_1_345' title='bbox 631 2891 698 2936; x_wconf 76' lang='grc' dir='ltr'><strong><em>μὲν</em></strong></span> <span class='ocrx_word' id='word_1_346' title='bbox 722 2891 782 2927; x_wconf 79' lang='grc' dir='ltr'><strong><em>ἐπ’</em></strong></span> <span class='ocrx_word' id='word_1_347' title='bbox 810 2891 872 2937; x_wconf 83' lang='grc' dir='ltr'><strong><em>η’π.</em></strong></span> 
     </span>
     <span class='ocr_line' id='line_1_54' title="bbox 145 2938 909 2988; baseline -0.003 -10"><span class='ocrx_word' id='word_1_348' title='bbox 145 2942 227 2978; x_wconf 80' lang='grc'><strong><em>319.</em></strong></span> <span class='ocrx_word' id='word_1_349' title='bbox 285 2940 524 2988; x_wconf 84' lang='grc' dir='ltr'><strong><em>Δέλφειος</em></strong></span> <span class='ocrx_word' id='word_1_350' title='bbox 567 2940 647 2977; x_wconf 83' lang='grc' dir='ltr'><strong><em>καὶ</em></strong></span> <span class='ocrx_word' id='word_1_351' title='bbox 680 2938 909 2984; x_wconf 78' lang='grc' dir='ltr'><strong><em>ἐπόψιος.</em></strong></span> 
     </span>
    </p>
   </div>
   <div class='ocr_carea' id='block_1_15' title="bbox 955 2339 1767 2987">
    <p class='ocr_par' dir='ltr' id='par_1_20' title="bbox 956 2339 1767 2616">
     <span class='ocr_line' id='line_1_55' title="bbox 958 2339 1767 2385; baseline -0.002 -10"><span class='ocrx_word' id='word_1_352' title='bbox 958 2341 1072 2376; x_wconf 79' lang='lat' dir='ltr'><strong>mirati</strong></span> <span class='ocrx_word' id='word_1_353' title='bbox 1097 2344 1175 2375; x_wconf 86' lang='lat' dir='ltr'><strong>sunt</strong></span> <span class='ocrx_word' id='word_1_354' title='bbox 1198 2341 1284 2375; x_wconf 85' lang='lat' dir='ltr'>haec</span> <span class='ocrx_word' id='word_1_355' title='bbox 1309 2339 1490 2385; x_wconf 84' lang='lat' dir='ltr'><strong>copulata3</strong></span> <span class='ocrx_word' id='word_1_356' title='bbox 1513 2351 1632 2374; x_wconf 77' lang='lat' dir='ltr'><strong>verum</strong></span> <span class='ocrx_word' id='word_1_357' title='bbox 1657 2339 1767 2385; x_wconf 68' lang='lat' dir='ltr'>signi-</span> 
     </span>
     <span class='ocr_line' id='line_1_56' title="bbox 957 2387 1767 2432; baseline 0.001 -11"><span class='ocrx_word' id='word_1_358' title='bbox 957 2388 1054 2421; x_wconf 86' lang='lat' dir='ltr'>ficari</span> <span class='ocrx_word' id='word_1_359' title='bbox 1078 2389 1215 2421; x_wconf 82' lang='lat' dir='ltr'><strong>videtur</strong></span> <span class='ocrx_word' id='word_1_360' title='bbox 1254 2387 1306 2432; x_wconf 81' lang='grc' dir='ltr'><strong><em>τῷ</em></strong></span> <span class='ocrx_word' id='word_1_361' title='bbox 1338 2387 1519 2430; x_wconf 85' lang='grc' dir='ltr'><strong><em>Δέλφειος</em></strong></span> <span class='ocrx_word' id='word_1_362' title='bbox 1551 2397 1618 2419; x_wconf 77' lang='lat' dir='ltr'><strong><em>vox</em></strong></span> <span class='ocrx_word' id='word_1_363' title='bbox 1641 2388 1767 2430; x_wconf 83' lang='grc' dir='ltr'><strong><em>δῆλος,</em></strong></span> 
     </span>
     <span class='ocr_line' id='line_1_57' title="bbox 959 2422 1766 2478; baseline 0.001 -11"><span class='ocrx_word' id='word_1_364' title='bbox 959 2435 1015 2467; x_wconf 84' lang='lat' dir='ltr'><strong><em>cui</em></strong></span> <span class='ocrx_word' id='word_1_365' title='bbox 1038 2434 1225 2478; x_wconf 81' lang='lat' dir='ltr'><strong>respondet</strong></span> <span class='ocrx_word' id='word_1_366' title='bbox 1245 2422 1413 2473; x_wconf 80' lang='grc' dir='ltr'><strong><em>ἐπόψιος.</em></strong></span> <span class='ocrx_word' id='word_1_367' title='bbox 1448 2433 1766 2473; x_wconf 80' lang='lat' dir='ltr'><strong>Macrob.sat.1‚</strong></span> 
     </span>
     <span class='ocr_line' id='line_1_58' title="bbox 957 2478 1764 2524; baseline -0.001 -9"><span class='ocrx_word' id='word_1_368' title='bbox 957 2482 1013 2515; x_wconf 88' lang='grc'><strong><em>17.</em></strong></span> <span class='ocrx_word' id='word_1_369' title='bbox 1045 2488 1155 2513; x_wconf 59' lang='lat' dir='ltr'><strong>extu:</strong></span> <span class='ocrx_word' id='word_1_370' title='bbox 1186 2479 1391 2515; x_wconf 83' lang='grc' dir='ltr'><strong><em>Ἀπόλλωνα</em></strong></span> <span class='ocrx_word' id='word_1_371' title='bbox 1430 2478 1598 2524; x_wconf 87' lang='grc' dir='ltr'><strong><em>Δέλφιον</em></strong></span> <span class='ocrx_word' id='word_1_372' title='bbox 1628 2485 1764 2522; x_wconf 79' lang='lat' dir='ltr'><strong><em>vocant,</em></strong></span> 
     </span>
     <span class='ocr_line' id='line_1_59' title="bbox 956 2526 1766 2569; baseline 0 -10"><span class='ocrx_word' id='word_1_373' title='bbox 956 2527 1068 2569; x_wconf 84' lang='lat' dir='ltr'><strong>quod,</strong></span> <span class='ocrx_word' id='word_1_374' title='bbox 1110 2538 1199 2569; x_wconf 82' lang='lat' dir='ltr'><strong><em>quae</em></strong></span> <span class='ocrx_word' id='word_1_375' title='bbox 1237 2527 1380 2560; x_wconf 83' lang='lat' dir='ltr'><strong>obscura</strong></span> <span class='ocrx_word' id='word_1_376' title='bbox 1411 2531 1510 2566; x_wconf 85' lang='lat' dir='ltr'><strong>sunt,</strong></span> <span class='ocrx_word' id='word_1_377' title='bbox 1556 2526 1766 2560; x_wconf 76' lang='lat' dir='ltr'><strong><em>claritudine</em></strong></span> 
     </span>
     <span class='ocr_line' id='line_1_60' title="bbox 957 2569 1764 2616; baseline 0 -10"><span class='ocrx_word' id='word_1_378' title='bbox 957 2574 1040 2606; x_wconf 84' lang='lat' dir='ltr'><em>lucis</em></span> <span class='ocrx_word' id='word_1_379' title='bbox 1063 2574 1231 2613; x_wconf 82' lang='lat' dir='ltr'><strong><em>ostendit,</em></strong></span> <span class='ocrx_word' id='word_1_380' title='bbox 1265 2571 1341 2606; x_wconf 73' lang='grc' dir='ltr'><strong><em>ἀπὸ</em></strong></span> <span class='ocrx_word' id='word_1_381' title='bbox 1366 2572 1435 2607; x_wconf 84' lang='grc' dir='ltr'><strong><em>τοῦ</em></strong></span> <span class='ocrx_word' id='word_1_382' title='bbox 1459 2572 1598 2614; x_wconf 83' lang='grc' dir='ltr'><strong><em>δηλοῦν</em></strong></span> <span class='ocrx_word' id='word_1_383' title='bbox 1622 2569 1764 2616; x_wconf 71' lang='grc' dir='ltr'><strong><em>ἀφανῆ.</em></strong></span> 
     </span>
    </p>

    <p class='ocr_par' dir='ltr' id='par_1_21' title="bbox 1003 2617 1542 2662">
     <span class='ocr_line' id='line_1_61' title="bbox 1003 2617 1542 2662; baseline -0.006 -9"><span class='ocrx_word' id='word_1_384' title='bbox 1003 2620 1083 2653; x_wconf 68' lang='lat'><strong>323.</strong></span> <span class='ocrx_word' id='word_1_385' title='bbox 1109 2617 1397 2662; x_wconf 84' lang='grc' dir='ltr'><strong><em>ἰηπαιήονα.</em></strong></span> <span class='ocrx_word' id='word_1_386' title='bbox 1426 2629 1460 2650; x_wconf 82' lang='lat' dir='ltr'><strong><em>v.</em></strong></span> <span class='ocrx_word' id='word_1_387' title='bbox 1485 2618 1542 2652; x_wconf 86' lang='lat'><strong><em>95.</em></strong></span> 
     </span>
    </p>

    <p class='ocr_par' dir='ltr' id='par_1_22' title="bbox 955 2661 1765 2756">
     <span class='ocr_line' id='line_1_62' title="bbox 1002 2661 1765 2707; baseline 0 -8"><span class='ocrx_word' id='word_1_388' title='bbox 1002 2666 1210 2699; x_wconf 71' lang='lat'>327-330.</span> <span class='ocrx_word' id='word_1_389' title='bbox 1244 2665 1278 2697; x_wconf 84' lang='lat'><strong><em>11.</em></strong></span> <span class='ocrx_word' id='word_1_390' title='bbox 1305 2663 1351 2705; x_wconf 86' lang='grc' dir='ltr'><strong><em>α’,</em></strong></span> <span class='ocrx_word' id='word_1_391' title='bbox 1380 2662 1468 2703; x_wconf 79' lang='grc'><strong><em>434,</em></strong></span> <span class='ocrx_word' id='word_1_392' title='bbox 1491 2663 1572 2705; x_wconf 83' lang='grc'><strong><em>437,</em></strong></span> <span class='ocrx_word' id='word_1_393' title='bbox 1596 2661 1686 2707; x_wconf 81' lang='grc'><strong><em>485,</em></strong></span> <span class='ocrx_word' id='word_1_394' title='bbox 1707 2665 1765 2700; x_wconf 88' lang='grc'><strong><em>86.</em></strong></span> 
     </span>
     <span class='ocr_line' id='line_1_63' title="bbox 955 2711 1556 2756; baseline 0.002 -12"><span class='ocrx_word' id='word_1_395' title='bbox 955 2711 1110 2756; x_wconf 83' lang='grc' dir='ltr'><strong><em>βῆσαν</em></strong></span> <span class='ocrx_word' id='word_1_396' title='bbox 1134 2711 1240 2744; x_wconf 86' lang='lat' dir='ltr'>Mose.</span> <span class='ocrx_word' id='word_1_397' title='bbox 1266 2711 1388 2755; x_wconf 79' lang='lat' dir='ltr'><strong>vulgo.</strong></span> <span class='ocrx_word' id='word_1_398' title='bbox 1412 2711 1556 2755; x_wconf 79' lang='grc' dir='ltr'><strong><em>βαῖνον.</em></strong></span> 
     </span>
    </p>

    <p class='ocr_par' dir='ltr' id='par_1_23' title="bbox 1003 2741 1440 2814">
     <span class='ocr_line' id='line_1_64' title="bbox 1003 2741 1440 2814; baseline -0.005 -23"><span class='ocrx_word' id='word_1_399' title='bbox 1003 2758 1083 2791; x_wconf 83' lang='grc'><strong><em>336.</em></strong></span> <span class='ocrx_word' id='word_1_400' title='bbox 1131 2756 1170 2789; x_wconf 86' lang='grc' dir='ltr'><strong><em>ΙΙ.</em></strong></span> <span class='ocrx_word' id='word_1_401' title='bbox 1197 2755 1243 2797; x_wconf 85' lang='grc' dir='ltr'><strong><em>α’,</em></strong></span> <span class='ocrx_word' id='word_1_402' title='bbox 1267 2741 1345 2790; x_wconf 57' lang='lat'><strong><em>4090</em></strong></span> <span class='ocrx_word' id='word_1_403' title='bbox 1360 2762 1440 2814; x_wconf 55' lang='lat' dir='ltr'><strong><em>eta,</em></strong></span> 
     </span>
    </p>

    <p class='ocr_par' dir='ltr' id='par_1_24' title="bbox 1003 2802 1224 2837">
     <span class='ocr_line' id='line_1_65' title="bbox 1003 2802 1224 2837; baseline -0.005 0"><span class='ocrx_word' id='word_1_404' title='bbox 1003 2804 1071 2837; x_wconf 85' lang='lat'><strong><em>337</em></strong></span> <span class='ocrx_word' id='word_1_405' title='bbox 1087 2822 1128 2827; x_wconf 92' lang='lat'>—</span> <span class='ocrx_word' id='word_1_406' title='bbox 1143 2802 1224 2837; x_wconf 80' lang='lat'>341.</span> 
     </span>
    </p>

    <p class='ocr_par' dir='ltr' id='par_1_25' title="bbox 956 2845 1765 2987">
     <span class='ocr_line' id='line_1_66' title="bbox 958 2845 1252 2889; baseline -0.008 -6.773"><span class='ocrx_word' id='word_1_407' title='bbox 958 2845 998 2889; x_wconf 83' lang='grc' dir='ltr'><strong><em>ε’,</em></strong></span> <span class='ocrx_word' id='word_1_408' title='bbox 1021 2849 1090 2883; x_wconf 84' lang='grc'><strong><em>475</em></strong></span> <span class='ocrx_word' id='word_1_409' title='bbox 1117 2853 1181 2881; x_wconf 85' lang='lat' dir='ltr'><strong>etc.</strong></span> <span class='ocrx_word' id='word_1_410' title='bbox 1210 2867 1252 2873; x_wconf 92' lang='lat'><strong><em>-—</em></strong></span> 
     </span>
     <span class='ocr_line' id='line_1_67' title="bbox 957 2893 1764 2938; baseline -0.001 -11"><span class='ocrx_word' id='word_1_411' title='bbox 957 2895 989 2927; x_wconf 86' lang='lat' dir='ltr'><strong><em>le</em></strong></span> <span class='ocrx_word' id='word_1_412' title='bbox 1002 2895 1067 2937; x_wconf 87' lang='lat' dir='ltr'><strong><em>fils</em></strong></span> <span class='ocrx_word' id='word_1_413' title='bbox 1091 2894 1133 2928; x_wconf 83' lang='lat' dir='ltr'><strong><em>de</em></strong></span> <span class='ocrx_word' id='word_1_414' title='bbox 1159 2895 1304 2938; x_wconf 76' lang='lat' dir='ltr'><strong><em>Jupiter,</em></strong></span> <span class='ocrx_word' id='word_1_415' title='bbox 1340 2895 1485 2937; x_wconf 83' lang='lat' dir='ltr'><em>Apollon</em></span> <span class='ocrx_word' id='word_1_416' title='bbox 1510 2895 1558 2927; x_wconf 81' lang='lat' dir='ltr'><strong><em>les</em></strong></span> <span class='ocrx_word' id='word_1_417' title='bbox 1582 2893 1764 2927; x_wconf 73' lang='lat' dir='ltr'><strong><em>conduisit.</em></strong></span> 
     </span>
     <span class='ocr_line' id='line_1_68' title="bbox 956 2940 1765 2987; baseline -0.001 -10"><span class='ocrx_word' id='word_1_418' title='bbox 956 2940 1112 2977; x_wconf 62' lang='lat' dir='ltr'><strong><em>Athdne&#39;e</em></strong></span> <span class='ocrx_word' id='word_1_419' title='bbox 1139 2940 1282 2987; x_wconf 82' lang='lat' dir='ltr'><strong>(Deipn.</strong></span> <span class='ocrx_word' id='word_1_420' title='bbox 1311 2941 1396 2987; x_wconf 76' lang='lat' dir='ltr'><strong>epit.</strong></span> <span class='ocrx_word' id='word_1_421' title='bbox 1420 2943 1472 2982; x_wconf 83' lang='lat'><strong><em>1.,</em></strong></span> <span class='ocrx_word' id='word_1_422' title='bbox 1501 2951 1532 2975; x_wconf 87' lang='lat' dir='ltr'><strong><em>c.</em></strong></span> <span class='ocrx_word' id='word_1_423' title='bbox 1558 2940 1614 2983; x_wconf 87' lang='lat'><strong><em>19,</em></strong></span> <span class='ocrx_word' id='word_1_424' title='bbox 1646 2951 1680 2986; x_wconf 84' lang='lat' dir='ltr'><strong><em>p.</em></strong></span> <span class='ocrx_word' id='word_1_425' title='bbox 1704 2940 1765 2984; x_wconf 76' lang='lat'><strong><em>22,</em></strong></span> 
     </span>
    </p>
   </div>
   <div class='ocr_carea' id='block_1_16' title="bbox 1274 2798 1765 2893">
    <p class='ocr_par' dir='ltr' id='par_1_26' title="bbox 1274 2798 1765 2893">
     <span class='ocr_line' id='line_1_69' title="bbox 1274 2798 1764 2858; baseline -0.006 -22"><span class='ocrx_word' id='word_1_426' title='bbox 1274 2801 1361 2850; x_wconf 81' lang='grc' dir='ltr'><strong><em>βάν</em></strong></span> <span class='ocrx_word' id='word_1_427' title='bbox 1399 2798 1440 2844; x_wconf 81' lang='grc' dir='ltr'><strong><em>ῥ’</em></strong></span> <span class='ocrx_word' id='word_1_428' title='bbox 1457 2801 1588 2858; x_wconf 76' lang='grc' dir='ltr'><strong><em>ἴμεν.</em></strong></span> <span class='ocrx_word' id='word_1_429' title='bbox 1635 2800 1764 2854; x_wconf 86' lang='lat' dir='ltr'><strong>Odyss.</strong></span> 
     </span>
     <span class='ocr_line' id='line_1_70' title="bbox 1286 2844 1765 2893; baseline -0.002 -10.928"><span class='ocrx_word' id='word_1_430' title='bbox 1286 2844 1466 2893; x_wconf 78' lang='grc' dir='ltr'><strong><em>,,ἧρχεδ’</em></strong></span> <span class='ocrx_word' id='word_1_431' title='bbox 1499 2866 1544 2872; x_wconf 94' lang='lat'><strong><em>--</em></strong></span> <span class='ocrx_word' id='word_1_432' title='bbox 1575 2845 1765 2890; x_wconf 73' lang='grc' dir='ltr'><strong><em>Ἀπόλλων,</em></strong></span> 
     </span>
    </p>
   </div>
  </div>
 </body>
</html>
