1821 3288
68 96 155 139 122

711 89 1117 135 ΟΜΗΡΟΥ

239 203 364 247 σίτου
395 198 443 246 δ’
454 197 619 246 οὐκέτ’
649 199 736 259 ἔφη
765 200 1046 274 πεινήμεναι·
1077 204 1217 257 ειρετο
1247 202 1333 259 γάρ
1363 221 1452 262 μιν.

240 258 340 305 ἀλλ’
374 256 446 303 ὅτε
475 258 528 316 δή
559 259 725 303 κοίτοιο
754 259 830 303 καὶ
859 274 1006 302 υπνου
1035 261 1346 316 μιμνήσκοιτο,

236 317 265 374 ’ή
297 314 376 371 μὲν
406 314 565 388 δέμνι’
583 315 773 384 ἄνωγεν
783 315 1077 386 ὑποστορέσαι
1108 318 1329 389 δμωῇσιν·

124 377 207 423 140
238 372 381 428 αὐτὰρ
410 370 483 445 ὅγ’
485 405 500 426 ,
530 371 589 425 ὥς
618 389 683 424 τις
710 371 896 443 πάμπαν
914 370 1100 427 ὀϊζυρὸς
1131 374 1207 418 καὶ
1235 373 1455 429 ἄποτμος,

211 429 323 474 οὐκ
351 428 467 474 ἔθελ’
499 429 547 474 ἐν
575 413 792 480 λέκτροισι
821 428 897 472 καὶ
925 427 973 472 ἐν
1004 429 1182 486 ῥήγεσσι
1211 430 1462 484 καθεύδειν,

236 485 336 531 ἀλλ’
365 486 414 530 ἐν
443 485 644 542 ἀδεψήτῳ
671 484 778 543 βοέῃ
807 485 883 529 καὶ
911 484 1071 530 κώεσιν
1101 488 1211 530 οἰῶν

235 542 396 635 ἔδραθ’
427 543 493 589 ἐνὶ
519 541 754 600 προδόμῳ·
781 545 967 599 χλαῖναν
996 541 1040 586 δ’
1071 542 1330 601 ἐπιέσσαμεν
1357 543 1496 602 ἡμεῖς.
1502 547 1528 569 “

159 712 162 715 ,
285 669 404 718 prodit
439 667 701 705 Telemachus
692 679 727 703 ιιι
752 666 975 710 concionem3
1009 667 1104 703 servi
1139 677 1336 717 cervaeque
1370 671 1510 717 operari
1544 670 1738 718 incipiunt3

202 722 362 766 pastores
387 716 512 752 adsunt
537 727 612 751 cum
636 714 824 761 pecudibus
848 714 1050 750 mactandis,

301 795 387 850 ’.Ως
416 795 555 852 φάτο·
590 793 836 853 Τηλέμαχος
866 792 912 837 δε
941 792 1038 837 διὲκ
1067 791 1277 863 μεγάροιο
1301 793 1508 865 βεβήκει,

77 857 205 902 145
236 854 402 927 ἒγχος’
387 854 500 909 ε’χων
530 851 646 924 (ἅμα
666 856 777 922 τῷγε
808 851 940 903 κύνες
968 849 1110 901 πόδας
1138 848 1268 923 ἀργοὶ
1298 851 1495 921 ἓ’ποντο)·

233 914 290 980 βῆ
322 909 363 955 δ’
398 913 498 955 ιἰιεν
527 911 588 962 εἰς
617 908 800 980 α’γορὴν
820 907 915 963 μετ’
949 906 1217 963 εὑκνήμιδας
1245 906 1458 963 Ἀχαιούς.

231 967 259 1024 ἡ
290 966 331 1011 δ’
365 952 471 1011 αὖτε
503 969 704 1040 δμωῆσιν
734 965 929 1009 ἐκέκλετο
960 965 1035 1007 δῖα
1063 967 1314 1020 γυναικῶν,

231 1023 485 1079 Εὐρύκλει’,
509 1019 651 1075 ῼπος
679 1021 881 1078 θυγάτηρ
915 1021 1267 1076 Πεισηνορίδαο·

315 1080 553 1153 ,,Ἀγρεῖθ’,
585 1082 633 1125 αἱ
661 1080 741 1136 μὲν
771 1080 897 1135 δῶμα
923 1077 1140 1148 κορήσατε
1160 1076 1497 1132 ποιπνύσασαι,
1562 1120 1571 1121 ι

125 1141 208 1186 150
239 1138 427 1195 ῥάσσατέ
456 1135 513 1190 τ’,
547 1138 595 1181 ἐν
622 1153 669 1181 τε
696 1136 898 1204 θρόνοις
915 1132 1192 1202 εὐποιήτοισι
1221 1134 1414 1189 τάπητας

232 1196 412 1253 βάλλετε
440 1194 748 1251 πορφυρέους·
781 1194 828 1236 αἱ
858 1190 906 1237 δὲ
934 1190 1167 1248 σπόγγοισι
1193 1192 1408 1247 τραπέζας

59 1346 162 1387 πῖνε,
209 1348 250 1380 ut
282 1342 364 1379 libri
404 1341 512 1384 editi3
552 1341 614 1377 sed
654 1341 769 1376 notum
811 1343 876 1383 est,

59 1392 217 1426 lemmata
250 1390 455 1425 scholiorum
488 1400 594 1434 saepe
628 1392 760 1422 mutata
785 1399 876 1429 esse,

58 1438 241 1472 inculcatis
265 1437 483 1481 vulgatorum
507 1435 660 1469 codicum
678 1433 873 1488 scripturis.

60 1485 195 1520 minime
238 1489 369 1518 autem
397 1493 540 1516 necesse
577 1481 645 1515 suit
676 1480 746 1514 dici
778 1483 875 1523 πῖνε,

60 1543 136 1565 cum
155 1534 374 1574 augmentum
396 1539 463 1562 non
480 1527 578 1562 modo
600 1525 773 1571 reciperet
797 1537 877 1559 ver-

60 1588 136 1619 sus,
163 1579 226 1611 sed
252 1579 455 1621 expeteret,
490 1585 534 1607 ne
566 1573 724 1617 rhythmo
756 1572 874 1607 eodem

60 1624 264 1658 decurreret
317 1626 422 1667 atque
476 1620 696 1654 antecedens,
767 1623 873 1664 atque

60 1669 159 1703 metri
188 1668 343 1714 inprimis
373 1666 541 1701 rationem
575 1665 682 1700 habet
712 1664 812 1698 Hom.
836 1665 873 1698 in

60 1716 123 1750 hoc
147 1727 296 1760 genere,
329 1726 393 1748 nec
428 1715 514 1748 πῖνε
546 1712 664 1766 posuit
683 1710 750 1744 nisi
773 1709 872 1745 initio

63 1773 202 1804 versus,
227 1761 283 1796 vel
308 1760 454 1815 pede5..
475 1757 667 1792 hexametri
685 1761 765 1812 post
780 1768 873 1791 com-

60 1820 135 1851 ma,
169 1808 225 1842 vel
255 1806 403 1853 denique
444 1805 480 1840 ἱιι
521 1805 667 1839 formula
699 1800 819 1847 αὐτὰρ
851 1799 872 1838 6

59 1858 143 1890 πῖνε
166 1854 231 1890 καὶ
251 1854 362 1899 ήσθε.
408 1863 442 1887 V.
466 1850 507 1894 ε’,
529 1850 589 1894 94,
613 1847 656 1894 ξ’,
692 1851 781 1892 109,
806 1850 873 1886 168

59 1908 127 1936 etc.

107 1947 174 1983 137
193 1943 337 1982 —147.
392 1945 530 1980 σίτου
562 1938 873 1986 πεινήμεναι,

60 1997 99 2029 ut
121 1992 254 2038 πεινῆν
277 1989 477 2046 χρημάτων
516 2002 572 2035 ap.
597 1989 873 2044 Xenophontem.

61 2051 94 2074 v.
120 2040 227 2074 Schn.
250 2050 284 2071 v.
309 2036 460 2073 πεινάω.
501 2037 565 2070 Ε..
590 2053 636 2061 --
658 2033 872 2079 ψεύδεσθαι

61 2085 86 2131 ἦ
105 2086 221 2130 γραῦς
243 2084 362 2120 δοκεῖ·
393 2081 506 2119 ουδεν
539 2081 610 2139 7566
632 2082 809 2116 τοιοῦτον
833 2078 872 2117 ἐ.-

61 2132 165 2176 φάνη
188 2130 362 2185 γενέσθαι
386 2131 440 2171 εἰς
462 2130 528 2165 τὸν
558 2126 742 2165 Ὀδυσσέα
747 2126 872 2185 παραὶ

60 2180 107 2226 τῇ
133 2176 357 2235 Πηνελόπῃ,
389 2190 424 2212 ιι.
448 2172 495 2220 ἦν
518 2176 667 2219 καίριον
689 2171 784 2230 ὑπερ
807 2175 874 2219 τῆς

62 2227 262 2268 δεσποίνης
293 2224 336 2259 τὸ
371 2224 515 2266 ψεῦδος
546 2222 592 2269 τῆ
627 2219 763 2279 δουλῃ.
811 2220 874 2256 καὶ

62 2271 181 2312 ἄλλως
205 2272 246 2308 δε
272 2267 428 2311 α’πεικός
453 2267 567 2305 ουδεν
599 2266 695 2303 κατὰ
718 2265 763 2303 τό
789 2278 874 2302 σιω-

61 2318 237 2363 πιόμενον
261 2329 361 2352 ουτω
386 2316 581 2360 γενέσθαι,
614 2328 665 2356 ως
696 2311 719 2360 ἡ
755 2312 873 2357 δούλη

63 2365 147 2412 ε’.φη
164 2385 213 2391 -
238 2361 454 2420 ὀϊζυρὸς,
480 2361 714 2397 calamitosus.
759 2358 803 2407 γ’,
827 2360 873 2395 95

61 2419 130 2447 etc.
163 2430 209 2437 —
247 2407 479 2452 ἄποτμος
536 2406 686 2446 012219.
721 2426 765 2432 ——
799 2405 874 2450 6⁷7¹-

60 2468 205 2504 γεσσι.
296 2456 422 2498 ,34.9
467 2474 511 2481 -
555 2451 783 2511 ἀδεψήτῳ
825 2471 872 2478 -—

63 2505 189 2540 οἰων.
224 2503 261 2544 2,
262 2469 318 2539 ⁷3,-
347 2522 385 2529 ·-
413 2499 509 2546 ἅμα
532 2501 656 2558 τῷγε
676 2498 872 2543 --’Λχαι-

62 2551 161 2592 ούς.
209 2550 256 2583 cf.
286 2547 334 2596 β’,
365 2549 424 2590 10,
458 2550 514 2585 11.
546 2566 592 2574 —-
637 2545 872 2583 ἐκέκλετο.

129 2598 174 2634 71
200 2600 268 2632 etc.

63 2596 104 2640 ζ
111 2644 191 2679 148.
238 2654 287 2683 α,
311 2639 392 2681 429,
418 2636 463 2686 β’,
500 2638 581 2675 347.
616 2650 724 2683 genus
749 2648 871 2671 memo-

62 2693 118 2725 rat
159 2687 307 2723 feminae
350 2685 539 2731 egregiae,
577 2696 668 2730 quae
716 2684 871 2728 Ulyssem

63 2736 279 2774 lactaverat,
311 2732 435 2778 cuique
470 2732 522 2766 rei
554 2730 762 2765 domesticae
789 2740 871 2763 cura

63 2780 238 2816 commissa
263 2782 359 2821 erat;
394 2781 611 2825 quapropter
639 2782 676 2811 et
699 2778 786 2813 δῖαν
808 2788 873 2821 γυ-

63 2828 204 2863 ναικοῖν
231 2828 344 2860 vocat.

112 2872 325 2910 149-156.
375 2867 590 2925 ἄγρεῖτε,
614 2868 725 2913 agite.
773 2879 808 2901 v.
835 2866 878 2903 Il.

66 2917 106 2961 ε’,
125 2919 206 2955 765
233 2936 278 2943 —-
302 2927 563 2959 κορήσατε,
589 2919 765 2960 purgate,
797 2925 879 2947 ver-

65 2964 146 3001 rite.
202 2964 292 3009 Αμ·
327 2961 543 2998 καλλύνατε.
592 2961 642 2996 Et
677 2959 881 3004 σαρωσατε,

922 1334 1126 1374 καλλυνατε
1150 1337 1333 1383 (fortasse
1367 1347 1389 1372 a
1422 1334 1541 1380 κέρειν
1561 1335 1636 1370 slve
1658 1336 1736 1372 κεί-

921 1397 1036 1439 ρειν,
1052 1387 1193 1428 auferre
1210 1383 1346 1428 sordes)
1361 1393 1370 1402 ·
1394 1379 1487 1418 ὅθεν
1510 1381 1572 1419 καὶ
1589 1381 1737 1428 κόρημα

920 1430 964 1466 vd
991 1429 1109 1472 σάρον
1145 1429 1330 1475 (scopae),
1367 1426 1421 1464 δι’
1455 1423 1502 1464 οὗ
1526 1432 1737 1488 φιλοκαλεῖ-

920 1489 984 1513 ται
1016 1478 1074 1522 γῆ.
1108 1494 1154 1501 -
1197 1477 1321 1511 ἰστέον
1354 1474 1433 1519 δὲ,
1447 1473 1508 1512 ὅτι
1537 1474 1581 1512 τὸ
1613 1474 1735 1521 ῥηθὲν

921 1522 1057 1566 σάρον,
1080 1519 1166 1568 ἤτοι
1191 1521 1405 1579 σάρωτρον,
1436 1521 1501 1559 καὶ
1525 1521 1669 1581 ὅφελμα
1698 1521 1735 1559 ἐ·-

920 1572 1067 1606 καλεῖτο
1100 1567 1196 1604 κατὰ
1228 1567 1319 1609 τούς
1347 1567 1531 1611 παλαιοὺς
1560 1567 1601 1605 ἐν
1629 1568 1735 1606 ἀντι-

919 1615 1072 1661 φράσει·
1096 1612 1142 1650 ου’
1165 1627 1235 1660 γαρ
1271 1613 1517 1659 dopmnum,
1544 1613 1634 1672 ἤτοι
1659 1613 1734 1651 αὕ-

919 1664 1069 1707 ξονται,
1092 1660 1140 1697 τοὶ
1164 1660 1396 1705 σαρούμενα,
1421 1662 1480 1698 διὸ
1507 1663 1570 1698 καὶ
1594 1658 1638 1698 τὸ
1665 1661 1733 1698 σά-

919 1721 988 1753 ρον
1011 1710 1190 1761 παραιρεῖ
1207 1720 1240 1743 ιι.
1265 1711 1376 1752 μειοῖ.
1422 1708 1598 1744 τοιοῦτον
1631 1708 1673 1745 δέ
1695 1722 1733 1747 τι

918 1756 982 1792 καὶ
1004 1754 1047 1791 τὸ
1073 1753 1215 1795 σαοοῦν
1239 1753 1303 1789 διαὶ
1320 1753 1362 1790 τὰ
1380 1754 1631 1799 πρωτότυπον
1648 1756 1733 1790 σαί-

921 1815 993 1859 ρω,
1020 1799 1075 1860 ἐξ
1091 1799 1139 1838 οὔ
1170 1799 1234 1836 καὶ
1259 1799 1418 1845 σήρανες
1447 1801 1552 1859 γῆς,
1565 1815 1599 1836 κ.
1627 1812 1734 1860 σεση-

920 1849 1025 1892 ρέναι
1057 1846 1178 1891 ρῆμα,
1220 1859 1253 1882 ιι.
1284 1849 1383 1893 χείλη
1415 1845 1618 1893 σεσηρότα,
1663 1845 1732 1894 ἐφ’

917 1907 972 1931 ων
994 1894 1147 1930 πάντων
1171 1894 1305 1939 σχίσμα
1327 1907 1363 1929 τι
1399 1895 1573 1938 φαίνεται
1597 1907 1630 1930 ιι.
1640 1891 1733 1950 μεί-

919 1953 1007 1983 ωσις
1049 1938 1228 1995 ὁλότητος
1271 1946 1339 1974 etc.
1383 1959 1429 1965 —
1466 1952 1731 1978 ποιπνυσοι

918 1999 1024 2029 σαι,
1056 1985 1313 2032 ἐνεργήσασαι,
1347 1986 1516 2022 alacriter
1549 1999 1634 2033 opus
1664 1991 1731 2031 sae·

919 2035 1069 2076 cientes,
1102 2045 1210 2078 germ.
1234 2033 1320 2066 euch
1343 2034 1551 2076 tummelnd,
1585 2038 1626 2068 ut
1648 2035 1732 2069 red*

918 2081 972 2115 dit
1007 2080 1231 2115 Buttmannus
1264 2078 1374 2113 Lexil.
1403 2081 1463 2115 45.
1522 2090 1555 2113 v.
1581 2091 1659 2114 ann.
1685 2081 1731 2119 ad

918 2126 960 2161 11.
985 2125 1039 2168 θ’,
1062 2127 1145 2160 218.
1177 2130 1212 2159 et
1238 2122 1281 2168 ξ’,
1315 2125 1394 2160 155.
1425 2143 1473 2150 —-
1505 2125 1572 2170 Ap.
1597 2130 1634 2160 et
1657 2126 1732 2161 He-

920 2173 1038 2227 sych.:
1064 2169 1293 2228 ῥάσσατέ.
1338 2169 1487 2215 ῥάνατε.
1535 2172 1588 2205 E:
1620 2170 1663 2207 τὸ
1688 2171 1759 2212 δε,

920 2217 974 2260 ῥά
989 2229 1099 2253 σατε
1122 2216 1206 2253 ἀντὶ
1228 2218 1299 2253 τοῦ
1329 2216 1498 2274 6021101123-
1519 2214 1570 2258 ὡς
1601 2218 1652 2263 μή
1675 2222 1730 2255 λι,

919 2263 1151 2321 θοστρώτου
1168 2264 1255 2305 ισως
1287 2262 1397 2305 ὄντος
1428 2265 1505 2303 τοῦ
1526 2266 1595 2321 τῆς
1630 2266 1730 2302 εἰλα-

919 2313 1031 2356 πίνης
1055 2309 1220 2346 δαπέδου
1246 2310 1299 2351 εἰς
1320 2310 1362 2345 τό
1388 2312 1478 2345 πᾶν.
1523 2308 1582 2347 ὅτι
1615 2309 1656 2346 δε
1658 2307 1730 2372 ἦν

923 2371 961 2393 τι
982 2357 1045 2393 καὶ
1070 2354 1196 2397 λίθοις
1215 2355 1464 2412 ἐστρωμένον,
1490 2357 1602 2402 δηλοῖ
1624 2356 1666 2393 τὸ
1692 2358 1731 2397 ἐν

919 2406 1000 2444 τοῖς
1038 2403 1124 2463 ἑξῆς
1164 2401 1239 2447 (ψ’,
1270 2403 1331 2448 46)
1381 2404 1731 2462 κραταίπεδον,

918 2463 1004 2493 περι
1030 2447 1075 2485 οὗ
1102 2460 1230 2504 φασιν
1241 2449 1275 2485 οἱ
1300 2449 1472 2494 παλαιοι,
1497 2447 1556 2485 ὅτι
1577 2453 1732 2497 κραταίν

918 2498 1037 2533 πεὸον
1070 2495 1114 2530 τό
1142 2492 1395 2552 λιθόστρωτον
1431 2509 1464 2530 ιι.
1495 2509 1595 2531 ουτω
1628 2509 1687 2535 crs

919 2541 999 2601 ρόν.
1023 2561 1069 2567 --
1092 2541 1195 2599 θέμα
1218 2540 1259 2577 δὲ
1284 2541 1394 2577 τοῦ
1378 2539 1513 2587 ράσατε
1534 2542 1655 2588 (luigo,
1711 2545 1732 2589 ξ

919 2584 965 2629 οὗ
993 2587 1034 2623 ἐν
1056 2591 1136 2630 τοῖς
1159 2587 1242 2633 εξῆς
1265 2557 1398 2632 (354)9
1405 2592 1565 2645 τοῖχοι
1596 2588 1733 2636 866&-

920 2639 1066 2672 ὃαται
1090 2632 1231 2680 ὁμοίως
1252 2636 1305 2681 τῷ
1328 2634 1572 2691 οἷνομάδαται
1594 2649 1627 2671 ιι.
1650 2640 1733 2678 τοῖς

919 2679 1122 2722 τοιούτοις.
1162 2682 1308 2723 (Matth.
1328 2683 1363 2726 ξ.
1375 2683 1475 2726 198.)
1508 2695 1559 2723 ως
1579 2680 1650 2737 γὰρ
1674 2684 1733 2728 βαῖ

918 2729 1030 2784 βάζω,
1054 2741 1105 2768 ως
1127 2727 1190 2763 καὶ
1206 2726 1268 2786 ῥῶ
1293 2726 1405 2772 ῥάζω.
1445 2727 1484 2764 ἐκ
1508 2727 1548 2764 δὲ
1566 2729 1636 2764 τοῦ
1651 2741 1730 2765 τοι·

920 2774 1037 2812 οὐτου
1069 2772 1124 2818 ῥω
1154 2772 1219 2809 καὶ
1253 2773 1295 2808 τό
1330 2775 1468 2818 ῥαίνειν
1498 2776 1650 2829 γίνεται.

923 2819 1218 2864 „Anaxandrides
1243 2831 1299 2879 ap.
1325 2823 1450 2857 Athen.
1473 2821 1509 2864 2,
1531 2824 1588 2864 9.,
1610 2820 1733 2856 initio·

925 2865 1021 2902 αλλὰ
1046 2866 1206 2910 ξενωνας
1228 2864 1323 2911 οἶγε,
1358 2868 1422 2903 καὶ
1443 2866 1560 2911 ῥᾶνον
1583 2865 1737 2911 δόμους,
1779 2907 1783 2912 ,

930 2910 1089 2958 Σρώννυ
1122 2923 1161 2947 τε
1192 2913 1340 2957 κοίτας,
1380 2926 1414 2949 ιι.
1445 2913 1563 2958 πυρός
1605 2912 1741 2970 φλέξον

933 2959 1067 3007 μένος,
1100 2959 1280 3006 Κρατῆρά
1302 2959 1338 2996 τ’
1363 2961 1496 3005 αἴρου,
1520 2958 1583 2996 καὶ
1605 2959 1671 2996 τὸν
1698 2956 1742 3005 ἥ-
