1821 3288
122 130 207 172 198

719 129 1123 174 ΟΜΗΡΟΥ

342 247 442 281 quam
465 248 528 282 pro
552 237 672 274 insana
695 239 826 274 habens
848 239 968 285 regina
990 240 1169 288 increpat3
1201 241 1262 277 sed
1286 253 1357 277 rem
1382 253 1459 297 pro·
1471 245 1568 279 certo
1591 243 1770 281 affirman-

258 287 326 317 tem
349 283 439 317 illam
462 284 555 320 laeta
577 286 838 331 complectitur,
862 287 1065 332 singulaque
1088 288 1200 333 magni
1225 289 1338 334 operis
1360 288 1520 334 exquirit.

207 356 260 395 10

379 350 470 408 Τὴν
500 350 543 396 δ’
574 348 676 396 αὖτε
709 353 937 406 προσέειπε
964 356 1192 410 περίφρων
1222 354 1517 427 Πηνελόπεια·

290 412 425 461 ,,μαῖα
455 411 581 465 φίλη,
609 410 783 465 μάργην
813 421 860 452 σε
894 411 993 453 θεοὶ
1021 412 1182 465 θέσαν,
1213 414 1301 455 οἵτε
1327 412 1538 457 δύνανται

291 463 468 519 ἄφρονα
497 469 676 520 ποιῆσαι
706 466 779 508 καὶ
809 466 1028 521 ἐπίφρονά
1056 483 1137 523 περ
1167 467 1274 524 μάλ’
1303 466 1454 524 ἐόντα,

288 523 363 564 καί
391 537 437 564 τε
463 520 809 576 χαλιφρονέοντα
839 524 1151 594 σαοφροσύνης
1179 525 1416 597 ἐπέβησαν·

232 576 258 605 *
286 578 335 620 οἳ
361 577 406 620 σέ
435 594 514 632 περ
545 578 748 648 ἔβλαψαν,
775 579 880 632 πρὶν
909 580 954 623 65
982 580 1147 635 φρένας
1178 583 1326 653 αἰσίμη
1360 578 1493 637 ἦσθα.

206 636 259 679 15
287 635 406 677 τίπτε
435 650 486 689 με
515 634 740 689 λωβεύεις,
770 638 1050 680 πολυπενθέα
1078 637 1227 692 θυμόν
1256 638 1460 706 ἔχουσαν,

291 694 429 733 ταῦτα
458 691 592 744 παρὲξ
623 691 825 744 ἐρέουσα,
855 693 928 735 καὶ
961 693 1004 744 ἐξ
1035 692 1181 736 ὕπνου
1211 693 1256 748 μ’
1287 692 1521 749 ἀνεγείρεις

287 744 438 816 ἡδέος,
469 745 518 797 6'9
547 746 597 802 μ’
627 747 823 817 ἐπέδησε,
854 751 962 803 φίλα
991 748 1177 806 βλέφαρ’
1207 749 1540 803 άμφικαλύψας;

288 801 343 846 οὐ
373 801 476 873 γάρ
489 819 557 846 πω
587 804 756 848 τοιόνδε
785 805 1086 860 κατέδραθον,
1117 807 1158 859 ἐξ
1189 804 1244 849 οὗ
1270 805 1502 858 Ὀδυσσεὺς

289 857 413 930 ᾤχετ’
416 891 429 910 ,
439 858 731 927 ἐποψόμενος
760 865 1001 907 Κακοΐλιον
1031 862 1115 906 ούκ
1145 862 1407 919 ὀνομαστήν.

202 921 258 961 20
289 913 387 958 ἀλλ’
399 914 496 984 ἄγε
524 921 608 960 νῦν
641 917 880 988 κατάβηθι,
909 920 984 963 καὶ
1013 919 1074 971 ἄψ
1105 920 1226 992 ἔρχευ
1255 918 1510 976 μέγαρόνδε.

287 973 324 1016 εἰ
352 970 435 1043 γάρ
466 974 530 1024 τίς
559 974 609 1029 μ’
642 974 747 1044 ἄλλη
777 992 823 1030 γε
853 982 1096 1033 γυναικῶν,
1126 979 1176 1019 αι’
1201 993 1295 1046 μοι
1306 977 1422 1028 ἔασι,

285 1027 415 1072 ταῦτ’
446 1028 627 1074 έλθοῦσ’
657 1031 845 1087 ἤγγειλε,
873 1034 946 1076 καὶ
972 1034 1014 1085 ἐξ
1044 1034 1189 1078 ὕπνου
1221 1032 1436 1088 ἀνέγειρε,

283 1089 346 1142 τῷ
373 1101 421 1129 κε
445 1086 557 1158 τάχα
587 1093 806 1143 στυγερῶς
834 1106 909 1145 μιν
938 1089 1050 1146 έγων
1079 1089 1309 1144 α’πέπεμψα
1339 1090 1517 1132 νέεσθαι

201 1200 258 1243 25

287 1143 411 1192 αὐτις
442 1143 522 1186 ἔσω
555 1146 766 1202 μέγαρον·
798 1146 843 1189 σὲ
875 1148 921 1190 δὲ
950 1147 1078 1192 τοῦτό
1109 1162 1155 1202 γε
1183 1151 1320 1202 γῆρας
1349 1145 1539 1201 ὀνήσει.“

355 1198 469 1267 ,Τὴν
499 1199 545 1243 6'
578 1203 680 1244 αὐτε
708 1203 935 1255 προσέειπε
965 1205 1069 1258 φίλη
1100 1204 1278 1271 τροφὸς
1294 1202 1575 1256 Εὐρύκλεια·

283 1253 418 1305 ,,οὑ’τι
447 1266 492 1298 σε
522 1258 722 1312 λωβεύω,
752 1259 908 1303 τέκνον
942 1262 1098 1314 φίλον,
1128 1259 1222 1302 ἀλλ’
1257 1258 1432 1328 ἔτυμόν
1444 1275 1514 1302 τοι

284 1307 395 1382 ηλθ’
418 1309 648 1367 Ὀδυσεὺς,
680 1315 754 1358 καὶ
785 1314 910 1360 οἷκον
942 1316 1153 1364 ἱκάνεται,
1184 1332 1242 1367 ως
1272 1313 1485 1370 ἀγορεύω,

288 1367 314 1410 ὁ
346 1371 508 1422 ξεῖνος,
538 1371 618 1414 τόν
647 1371 805 1423 πάντες
836 1371 1002 1426 ἀτίμων
1032 1373 1079 1416 ἐν
1108 1372 1357 1443 μεγάροισι.

292 1425 541 1494 Τηλέμαχος
570 1426 614 1470 δ’
647 1428 735 1480 ἄρα
763 1445 839 1484 μιν
867 1430 1001 1472 πάλαι
1029 1429 1156 1499 ᾔδεεν
1181 1429 1311 1472 ἔνδον
1340 1427 1492 1483 ἐόντα,

201 1485 257 1525 30
286 1478 395 1524 ἀλλὰ
428 1484 766 1542 σαοφροσύνῃσι
791 1485 992 1542 νοήματα
1020 1485 1185 1542 πατρὸς
1212 1485 1418 1537 ἔκευθεν,

117 1627 307 1670 afferebant
320 1626 410 1671 filio.
440 1626 483 1670 λ’,
508 1629 589 1664 502.
623 1630 676 1664 Et
708 1631 750 1666 τό
776 1632 817 1667 δὲ
842 1634 926 1678 βιᾶ-

116 1676 208 1707 σθαι
238 1672 483 1716 πρωτότνπόν
511 1673 588 1710 ἐστι
618 1678 689 1712 τοῦ
721 1678 926 1721 βιάζεσθαι.

118 1720 233 1763 δῆλον
259 1719 321 1761 65,
349 1717 399 1760 ὥς
424 1720 459 1756 οἱ
483 1720 576 1778 μεθ’
599 1719 769 1778 ”Ομηρον
803 1725 865 1760 καὶ
890 1724 926 1759 5-

115 1765 158 1847 32
191 1767 403 1810 γυναικείας
436 1769 568 1812 πείρας
608 1768 678 1814 τήν
718 1770 814 1814 λέξιν
853 1769 926 1807 ἐτί-

149 1824 243 1847 &vto-

163 1871 262 1904 11—
274 1870 329 1907 18.
354 1867 558 1915 μάργην,
582 1862 828 1916 insanamNnss
844 1873 923 1910 421.

116 1935 162 1942 —
186 1917 261 1949 Am.
290 1917 352 1957 Q*
385 1921 575 1961 χαλιφρ.
600 1920 869 1964 κεχαλασμένας
891 1934 924 1956 κ.

117 1960 338 2006 παρειμένας
363 1962 494 2019 ἔχοντα
525 1963 592 2005 τοὶς
628 1966 777 2024 φρένας.
821 1979 853 2001 v.
878 1964 924 2008 6',

117 2009 198 2044 371.
230 2025 274 2033 —
308 2008 359 2041 Ε·
406 2007 448 2044 τὸ
482 2007 522 2044 65
557 2022 721 2057 σαοφρ.
759 2011 926 2070 ἐπέβη-

120 2063 205 2089 σαν
230 2066 362 2096 ομοιον
386 2056 436 2100 τῷ
462 2053 729 2102 αναιδείης
763 2058 927 2104 ἐπέβη-

121 2111 224 2143 σαν,
260 2096 281 2135 ὃ
286 2098 375 2155 „nod
410 2092 534 2144 ὀλίγον
570 2103 631 2147 (χ’,
654 2105 738 2147 424)
772 2105 926 2150 εἴρηται,

119 2146 182 2183 καὶ
205 2146 256 2192 τῷ
261 2145 403 2204 ὄφρα
429 2148 732 2204 ἐὐφροσύνης
765 2150 927 2198 ἐπιβῆ-

969 1647 1016 1658 ·-
1039 1629 1295 1687 λωβεύεις,
1318 1631 1462 1675 irrides,
1485 1627 1634 1665 ludibrio
1657 1627 1778 1662 habes.

969 1678 1074 1712 Sch.:
1115 1678 1317 1723 χλευάζεις,
1357 1679 1412 1719 εἰς
1447 1656 1568 1721 λω’βην
1599 1688 1633 1711 κ.
1666 1671 1779 1719 νβριν

971 1722 1080 1768 ἄγεις.
1129 1725 1178 1757 E:
1210 1726 1277 1759 τοῦ
1309 1722 1349 1759 65
1379 1724 1557 1782 λωβεύειν
1583 1720 1779 1776 πρωτότν-

969 1783 1042 1806 πον
1065 1766 1107 1804 τὸ
1138 1771 1259 1816 λωβῶ,
1289 1770 1327 1813 ἐξ
1359 1766 1406 1805 οὗ
1439 1769 1502 1805 καὶ
1541 1765 1560 1805 ὃ
1595 1765 1779 1822 λωβητήρ.

970 1814 1216 1873 λαμβάνεται
1234 1814 1275 1852 65
1300 1815 1331 1874 ἡ
1360 1816 1453 1859 λέξις
1487 1814 1548 1851 ἐπί
1577 1825 1616 1849 τε
1648 1812 1779 1870 χλεύης

970 1877 1002 1899 κ.
1026 1862 1167 1920 ὕβρεως
1191 1860 1241 1904 ὥς
1263 1877 1310 1898 τα
1339 1860 1476 1904 πολλα,
1506 1874 1540 1896 κ.
1563 1859 1623 1896 ἐπὶ
1646 1862 1710 1905 τῆς
1733 1873 1779 1894 α-

969 1911 1069 1948 πλῶς
1101 1907 1141 1944 65
1175 1909 1293 1955 βλάβη
1297 1924 1335 1951 ς,
1369 1906 1419 1950 ὥς
1450 1908 1512 1944 καὶ
1546 1904 1586 1942 ἐν
1619 1908 1672 1955 τῷ
1702 1904 1780 1946 οἷς

972 1952 1112 1999 (ους)
1147 1923 1361 2002 ἐλωβᾶθ’,
1407 1954 1468 2015 0Μὶ
1484 1953 1633 1997 ξένοι.
1680 1952 1781 1995 (Ari-

971 2003 1084 2058 stoph.
1110 2001 1156 2034 Ε
1156 2013 1199 2046 1·ss
1226 2008 1389 2036 extrem.-
1423 1997 1468 2035 ιν’
1495 2001 1624 2036 ἴδωσιν
1648 1997 1779 2041 αὐτὸν,

972 2045 1039 2089 οὓς
1063 2015 1241 2102 ἐλῶβαθ’,
1268 2048 1305 2082 οὶ
1328 2046 1456 2091 ξένοι.)
1481 2064 1529 2072 —-
1561 2047 1607 2080 cf.
1631 2056 1709 2081 aun.
1732 2046 1780 2080 ad

971 2095 1011 2127 ΙΙ.
1041 2092 1088 2138 α’,
1114 2095 1193 2128 232.
1217 2073 1632 2150 -πολυπενθέα,
1650 2092 1778 2136 pertri-

972 2146 1069 2177 stem.
1078 2120 1143 2182 ξ’,
1174 2141 1255 2174 388.
1286 2159 1332 2165 -
1371 2137 1517 2182 παρὲξ
1557 2136 1776 2195 ἐρέουσα,

120 2207 223 2234 τον,
259 2187 279 2228 3
310 2191 395 2238 μετ’
421 2192 524 2240 ὀλίγα
549 2196 629 2240 (52)
654 2201 781 2233 uel-‚m
803 2218 849 2223 ,-
882 2199 934 2234 oz'
967 2188 1062 2230 falso
1086 2186 1261 2221 nuntians.
1295 2185 1346 2219 Ε.
1372 2183 1595 2230 ἀγγέλλουσα
1618 2183 1687 2227 ἔξω
1709 2182 1778 2227 μὲν

122 2239 172 2275 σε’
194 2251 279 2282 περ
313 2240 547 2285 ἔβλαψαν
596 2242 646 2275 E:
672 2244 723 2278 οι
742 2254 790 2278 σε
816 2257 928 2288 παρ-

122 2283 350 2331 ε’βλαψεν,
392 2287 426 2320 h.
463 2300 493 2321 e.
531 2287 795 2343 παρέβλαψανι
840 2291 929 2325 dixit

122 2333 210 2366 enim
247 2343 308 2365 suo
347 2343 440 2367 more
472 2333 566 2368 θεὸν
601 2345 663 2379 pro
700 2338 817 2375 θεοῖς.
862 2338 928 2371 hoc

122 2389 189 2412 non
225 2378 416 2421 acceperim
452 2385 657 2425 propterea,
707 2383 797 2427 quod
831 2381 928 2416 hotio

123 2422 226 2463 mali,
266 2434 356 2469 quae
395 2426 552 2469 subjecta
589 2432 643 2460 est
681 2429 930 2473 praepositioni

125 2467 251 2512 παρὰ,
284 2480 346 2514 per
369 2480 406 2504 se
429 2471 664 2516 intelligitur
654 2485 689 2506 m
713 2475 819 2508 verbo
845 2474 930 2520 βλά-

124 2527 225 2550 πτωε
256 2516 319 2549 sed
344 2515 525 2551 videndum
560 2524 632 2560 est,
661 2531 704 2552 an
736 2522 930 2564 ponendum

127 2561 174 2595 sit
195 2561 238 2596 οι
261 2572 298 2596 σε
321 2563 568 2607 περίβλαψαν,
593 2565 652 2608 qui
674 2570 709 2599 te
732 2568 835 2600 valde
859 2568 931 2601 lae-

126 2612 263 2649 serunt,
305 2612 416 2642 mente
449 2616 594 2655 captam.
617 2623 754 2670 saepe
789 2613 932 2647 confusa

127 2666 236 2710 παρα
254 2657 291 2687 et
313 2655 405 2698 περί.
452 2657 493 2689 Α.
519 2657 571 2690 4.=
599 2655 635 2691 οἳ
659 2655 783 2692 καὶσ’
811 2659 873 2702 (h.
900 2671 931 2694 e.

130 2699 187 2743 σὲ)
219 2697 406 2756 ἔβλαψαν,
450 2713 538 2746 quae
578 2708 633 2736 est
674 2704 930 2762 διττο)ραφία.

129 2746 183 2780 E:
214 2745 256 2780 τὸ
282 2744 321 2781 65
339 2748 639 2803 παρέβλαψε
669 2749 765 2784 κατὰ
798 2752 936 2795 φρένας

129 2792 273 2825 νοεῖται
306 2793 396 2834 νῦν,
439 2791 532 2829 οθεν
574 2793 593 2830 ὁ
639 2796 765 2850 βλαψ
778 2798 937 2842 ίφρων

133 2837 314 2894 (Aeschyl.
350 2839 464 2874 Theb.
489 2841 587 2898 689.)
623 2841 820 2886 σύγκειται.
878 2843 938 2880 616

133 2882 287 2939 ἐπάγει,
314 2884 424 2927 πριν
447 2906 492 2911 -
519 2883 646 2942 ἦσθα
671 2896 738 2923 etc.
786 2893 858 2926 Am.
873 2891 940 2931 Q.-

135 2927 322 2983 φρένας
354 2932 523 2976 αἰσίμη
566 2927 704 2977 ἦσθα.

973 2232 1039 2267 τοῦ
1065 2229 1252 2275 ἀληθοῦς,
1275 2230 1379 2277 έγγῦς
1402 2231 1442 2266 65
1466 2231 1534 2266 τοῦ
1559 2229 1695 2276 ἐφετοῦ
1719 2229 1778 2274 (⁹)

974 2283 1040 2312 etc.
1088 2278 1133 2314 cf.
1159 2277 1204 2321 6,
1229 2279 1307 2312 348.
1332 2277 1623 2320 -ἐπέδησε,
1654 2277 1778 2311 devin-

972 2325 1034 2358 xit.
1082 2335 1115 2356 v.
1140 2322 1184 2367 γ,
1210 2325 1276 2358 269
1301 2329 1368 2358 etc.
1392 2343 1436 2349 --
1469 2324 1588 2368 φίλα
1612 2324 1676 2379 βλ.
1700 2319 1781 2365 άμ-

976 2368 1274 2414 φικαλύψας.
1322 2368 1361 2411 ε’,
1384 2370 1464 2405 493.
1486 2391 1532 2397 -
1564 2368 1781 2412 τοιόνδε,

974 2418 1064 2456 tale,
1090 2416 1158 2458 sic,
1183 2416 1236 2449 vel
1260 2415 1405 2452 τοιόνδε
1427 2427 1561 2451 υπνον.
1584 2433 1631 2441 —-
1652 2414 1781 2450 κατέ·

977 2464 1028 2507 δρ
1044 2464 1190 2505 αθον,
1233 2462 1391 2497 dormivi.
1447 2461 1486 2505 ε’,
1521 2462 1614 2505 471,
1653 2461 1782 2498 Matth-

976 2511 1009 2552 §.
1036 2510 1103 2543 228
1127 2514 1194 2542 etc.

1024 2567 1079 2601 19.
1126 2563 1167 2607 τ’,
1190 2566 1269 2605 260,
1290 2566 1371 2601 597.

1024 2618 1193 2652 21—33.
1228 2617 1281 2650 E:
1306 2629 1425 2660 γνν.,
1451 2617 1504 2653 αι
1525 2629 1612 2674 μοι
1630 2614 1782 2673 ἔασιν,

981 2660 1062 2698 οἷντι
1086 2663 1152 2696 τοῦ
1178 2662 1374 2706 δμωίδων,
1403 2665 1449 2699 αἴ
1477 2665 1568 2700 εἰσιν
1591 2659 1661 2698 ’ὕπ’
1685 2660 1781 2718 ἐμοὶ,

981 2707 1007 2754 ἢ
1030 2706 1123 2751 ὑπὲρ
1147 2707 1237 2751 ἐμοῦ
1269 2709 1353 2752 (mei
1375 2710 1509 2754 gratia,
1543 2706 1678 2745 servitii
1713 2709 1783 2743 mei

985 2755 1102 2796 causa)
1123 2760 1187 2789 etc.
1209 2774 1250 2780 —
1277 2753 1788 2801 στυγερως-νέεσθαι.

985 2799 1038 2845 φ’,
1061 2800 1140 2835 374.
1175 2820 1218 2826 --
1251 2802 1399 2837 τοῦτό
1431 2814 1496 2847 γε,
1528 2801 1617 2845 quod
1647 2800 1695 2833 ad
1717 2801 1782 2835 Ιιοσ

985 2847 1119 2892 quidem
1142 2848 1268 2882 attinet
1298 2854 1475 2894 peccatum
1512 2850 1619 2880 tuum.
1651 2846 1689 2879 id
1720 2857 1784 2880 no-

985 2898 1114 2932 strates
1138 2893 1253 2928 dicere
1284 2894 1396 2929 solent
1419 2896 1486 2937 sair
1523 2893 1597 2926 dies
1630 2891 1716 2925 Mal.
1737 2901 1786 2918 -a-

762 2933 844 2994 ἀντὶ
873 2939 942 2972 τοῦ
987 2937 1152 2986 ᾔδεεν,
1187 2945 1342 2976 noverat.
1394 2940 1436 2974 Il.
1459 2937 1506 2986 β’,
1543 2938 1612 2973 409
1645 2941 1712 2972 etc.
1741 2953 1787 2964 -α-

135 2973 355 3021 καθήκοντα
386 2980 601 3024 φρονοῦσα,
632 2979 735 3026 παρὰ
767 2982 809 3019 τὸ
843 2981 943 3020 αἶσα.
992 2995 1012 3021 σ
1024 2999 1047 3021 α
1057 2997 1077 3022 ο
1091 2998 1119 3031 φ
1132 2999 1153 3032 ρ
1167 2998 1186 3022 ο
1197 2996 1217 3022 σ
1228 2985 1251 3022 ύ
1262 2999 1314 3034 νῃ
1325 2997 1345 3023 σ
1356 2998 1371 3022 ι
1392 2998 1456 3034 pto
1477 2981 1729 3030 σαοφροσύνη,
1750 2984 1792 3019 αἱ
