1821 3288
58 121 116 161 38

694 116 1094 161 ΟΜΗΡΟΥ

193 230 298 286 *τῷ
327 244 376 273 κε
404 228 481 272 καὶ
509 226 594 272 οὐκ
623 224 774 283 ἀτελὴς
803 225 1001 279 θάνατος
1029 228 1271 284 μνηστῆρσι
1300 229 1473 301 γένοιτο

229 290 339 330 πᾶσι
369 285 474 340 μάλ’
477 318 489 337 ,
521 283 626 328 οὐδέ
655 285 703 328 κέ
732 300 797 334 τις
825 283 1024 328 θάνατον
1053 288 1126 328 καὶ
1155 289 1293 353 ofrjpag
1324 286 1489 340 ἆλύξοι.

228 343 334 385 ἄλλο
367 342 413 385 δέ
442 358 510 385 τοι
539 340 754 408 ἐρέω,σύ
785 338 828 383 δ’
859 340 923 383 ἐνὶ
956 343 1087 396 φρεσὶ
1117 341 1273 397 βάλλεο
1305 348 1453 400 σῃσιν·

228 401 276 441 αἴ
303 397 350 442 κ’
384 397 521 441 αὐτόν
550 414 679 451 γνωω
705 397 917 453 νημερτέα
946 397 1081 441 πάντ’
1112 398 1345 450 ἐνέποντα,

115 457 197 502 550
227 455 339 500 ἕσσω
368 471 444 512 μιν
471 454 655 511 χλαῖνάν
682 469 748 505 τε,
783 453 946 508 χιτῶνά
971 470 1038 506 τε,
1068 455 1220 510 εἵματα
1248 455 1406 499 καλά.“

510 533 706 578 Penelopae
735 533 865 577 jussum
891 533 1074 577 exequitur
1097 534 1282 570 Eumaeus.

82 593 101 607 9

296 589 380 642 “Ὼς
415 589 555 660 φάτο·
587 592 645 644 βῆ
675 589 720 633 δὲ
751 588 1005 657 συφορβος,
1037 588 1127 632 ἐπεὶ
1156 589 1237 633 τόν
1266 594 1416 645 μῦθον
1445 591 1647 654 ἄκουσεν,

230 647 375 721 α’γχοῦ
399 646 441 690 δ’
476 645 706 700 ἱστάμενος
736 645 838 688 ἔπεα
867 643 1106 697 πτερόεντα
1134 649 1387 702 προσηύδα·

305 705 457 756 „Helva
485 701 643 755 πάτερ,
674 701 816 746 καλέει
847 713 893 745 σε
923 702 1153 756 περίφρων
1185 704 1480 771 Πηνελόπεια,

225 759 364 831 μήτηρ
399 758 689 814 Τηλεμάχοιο·
720 760 984 829 μεταλλῆσαί
1014 760 1055 800 τί
1084 757 1103 800 έ
1132 760 1281 813 θυμὸς

111 818 196 863 555
227 818 248 843 *
273 816 389 871 ἀμφὶ
418 816 545 858 πόσει
573 816 761 868 κέλεται,
791 815 868 859 καὶ
895 814 1032 870 κήδεά
1049 830 1143 885 περ
1174 817 1416 875 πεπαθυίῃ.

226 873 264 915 εἰ
295 872 342 915 δέ
372 872 420 915 κέ
450 884 497 915 σε
525 875 654 940 γνοίη
682 872 919 940 νημερτέα
926 869 1059 915 πάντ’
1092 872 1329 923 ἐνέποντα,

227 928 345 972 ἕσσει
375 940 421 972 σε
449 927 634 985 χλαῖναν
660 945 727 980 τε,
745 927 919 1001 χιτωνά
948 944 1016 977 τε,
1044 944 1134 971 των
1171 930 1226 972 σύ
1257 929 1447 985 μάλιστα

223 988 426 1042 χρηΐζεις.
459 991 582 1029 σῖτον
612 986 659 1030 δὲ
687 986 760 1030 καὶ
794 987 970 1039 αἰτίζων
999 985 1108 1028 κατοὶ
1141 986 1286 1056 δῆμον

225 1044 417 1098 γαστέρα
447 1042 695 1099 βοσκήσεις·
732 1042 866 1087 δώσει
896 1042 943 1085 δέ
972 1058 1064 1095 τοι,
1094 1040 1142 1093 ός
1175 1040 1221 1086 κ’
1254 1043 1442 1100 ἐθέλῃσι.

274 1121 418 1167 reginae
449 1123 589 1170 vesperi
620 1133 660 1158 se
696 1126 837 1170 praesto
869 1122 947 1157 fore
978 1121 1163 1168 pollicetur
1187 1122 1355 1169 Ulysses,
1388 1135 1570 1171 procorum
1600 1127 1723 1163 timens

191 1167 347 1213 injurias.

112 1226 196 1270 560

314 1225 405 1269 Τὸν
441 1225 486 1270 δ’
518 1221 624 1270 αὖτε
645 1225 887 1298 προσέειπε
915 1223 1139 1276 πολύτλας
1162 1226 1275 1297 δῖος
1292 1223 1549 1282 Ὀδυσσεύς·

223 1281 433 1353 ,,Εὔμαι;’,
467 1281 577 1334 αἶψά
607 1282 655 1327 κ’
687 1284 770 1339 ἐγώ
801 1281 1014 1338 νημερτέα
1042 1281 1174 1325 πάντ’
1207 1282 1408 1341 ἐνέποιμι

222 1339 367 1399 κούρῃ
393 1315 620 1397 Ἰἳκαρίοιω
652 1343 910 1410 περίφρονι
919 1339 1217 1412 Πηνελοπείῃ·

227 1393 328 1438 οἶδα
358 1396 442 1451 γὰρ
475 1399 523 1440 εὐ
553 1397 653 1450 περὶ
683 1400 855 1448 κείνου,
887 1395 1001 1452 ὁμὴν
1024 1395 1065 1439 δ’
1095 1394 1354 1467 ἀνεδέγμεθ’
1385 1394 1524 1453 ὀϊζύν.

225 1451 335 1496 ἄλλα
356 1452 629 1522 μνηστήρων
659 1458 857 1509 χαλεπῶν
886 1451 1106 1497 νποδείδι’
1140 1452 1317 1508 ὅμιλον,

114 1512 198 1556 565
228 1526 318 1552 των
346 1509 477 1565 ὕβρις
505 1527 570 1565 τε,
601 1512 675 1566 βίη
705 1528 772 1566 τε,
803 1510 1022 1582 σιδήρεον
1038 1508 1235 1563 οὐρανὸν
1265 1511 1368 1553 ἳ’·κει

224 1566 300 1609 καὶ
328 1566 411 1622 γὰρ
441 1571 552 1620 νῦν,
598 1567 669 1611 ὅτε
699 1567 746 1624 μ’
780 1570 909 1618 οὗτος
940 1565 1052 1622 ἀνὴρ
1082 1583 1193 1610 κατα
1225 1568 1352 1622 δῶμα
1381 1567 1539 1613 κιόντα

226 1623 324 1666 ου’τι
356 1624 494 1667 κακὸν
525 1624 708 1677 ῥέξαντα
738 1627 886 1695 βαλών
919 1623 1132 1679 ὀδύνῃσιν
1164 1623 1348 1675 ἔδωκεν,

227 1678 329 1723 οὔτε
359 1697 399 1723 τι
436 1682 687 1737 Τηλέμαχος
717 1681 817 1738 τόγ’
850 1679 1111 1751 ἐπήρκεσεν,
1153 1680 1254 1724 οὔτε
1283 1697 1348 1732 τις
1378 1678 1526 1734 ἄλλος.

224 1740 287 1794 τῷ
315 1740 403 1780 νῦν
432 1739 735 1793 Πηνελόπειαν
764 1740 829 1783 ἐνὶ
858 1737 1116 1807 μεγάροισιν
1151 1736 1321 1807 ἄνωχθι

113 1795 198 1840 570
230 1798 403 1848 μεῖναι,
433 1794 719 1866 ἐπειγομένην
747 1813 855 1849 περ,
888 1795 931 1845 ἐς
960 1793 1110 1849 ἠέλιον
1140 1793 1416 1838 καταδύντα·

226 1851 300 1894 καὶ
329 1850 426 1895 τότε
452 1849 498 1908 μ’
532 1852 718 1908 εἰρέσθω
748 1853 907 1904 πόσιος
934 1852 1035 1906 περὶ
1053 1850 1266 1907 νόστιμον
1291 1852 1435 1908 ἦμαρ,

103 1965 193 2008 546,
215 1968 250 2003 7.
297 1967 358 2015 τῷ
389 1988 434 1994 -
471 1967 658 2014 ἅλύξοι.
704 1967 868 2011 mirabor,

56 2011 88 2046 si
110 2013 214 2047 talem
248 2004 474 2059 tautologiam
504 2016 571 2050 sibi
604 2015 747 2050 indulsit
770 2019 869 2049 vates

57 2059 368 2112 eloquentissimus.
409 2071 509 2105 quam
527 2062 715 2107 fugientes,
735 2061 868 2106 opinor,

56 2103 192 2138 librarii
225 2107 379 2140 codicum
409 2110 449 2142 A.
474 2110 507 2143 Ξ.
540 2114 576 2142 et
605 2110 638 2143 3.
665 2112 700 2140 et
723 2107 870 2141 Floren-

57 2150 123 2184 tini
147 2150 260 2194 illius,
294 2153 352 2198 qui
386 2154 513 2198 primus
547 2155 691 2188 omnium
725 2165 870 2187 excusus

57 2201 133 2237 est,
159 2208 292 2232 versum
317 2198 398 2235 547.
424 2200 618 2234 omiserunt.
669 2199 731 2233 sed
751 2212 790 2233 eo
815 2200 870 2232 in-

58 2243 164 2276 ducto
188 2244 303 2279 nescio
338 2245 421 2289 quid
454 2247 594 2300 abrupti
627 2251 730 2291 atque
753 2246 871 2279 incon-

58 2288 149 2322 cinni
174 2289 279 2323 habet
301 2291 388 2325 haec
411 2292 544 2332 oratio,
569 2300 709 2336 praeter
729 2290 870 2325 Homeri

58 2336 350 2371 consuetudinem.
400 2337 486 2372 latet
508 2338 660 2383 aliquid,
691 2337 872 2382 malimque

57 2391 140 2414 sane
167 2393 229 2426 per
251 2393 480 2425 sarcasmum,
513 2385 572 2430 qui
609 2397 676 2420 non
707 2384 871 2417 abhorret

58 2437 80 2459 a
111 2427 244 2461 laetitia
284 2428 498 2474 Penelopae.
540 2431 591 2476 τῷ
626 2444 665 2466 κε
703 2429 766 2464 καὶ
801 2427 870 2464 ουίι
910 2467 915 2470 .

58 2469 190 2517 ἀτελής
212 2472 378 2516 κάματος
392 2476 596 2520 μνηστῆρσι
613 2477 754 2521 γένοιτο
778 2478 870 2511 πᾶσι

56 2518 178 2561 μάλα,
210 2531 317 2564 quare
340 2533 401 2555 nec
424 2523 643 2567 imperfectus
669 2523 783 2567 suerit
815 2524 871 2556 la-

58 2565 130 2605 bor,
155 2576 218 2599 nec
243 2566 381 2611 perdita
404 2579 531 2611 opera,
569 2571 681 2613 procis
703 2569 869 2603 omnibus.

59 2621 159 2654 quem
186 2612 303 2665 jocum
343 2613 432 2647 haud
469 2616 701 2659 percipientes
724 2615 870 2656 librarii,

24 2673 27 2675 ·
58 2657 215 2700 quamvis
240 2658 355 2692 statim
381 2660 480 2694 seriis
506 2662 716 2706 explicatum
739 2661 870 2714 verbis,

59 2701 282 2746 depravatam
307 2710 448 2748 putasse
471 2707 634 2741 videntur
662 2719 780 2740 vocem
803 2706 870 2741 κά-

57 2759 194 2792 ματος,
218 2750 320 2804 eique
346 2751 564 2786 substituisse
588 2766 607 2786 e
630 2754 783 2798 proximo
807 2765 870 2798 pe-

58 2794 157 2828 titam
187 2794 369 2836 θάνατος.
423 2798 480 2831 vel
519 2800 635 2842 potius
676 2810 757 2833 casu
787 2810 868 2843 per-

58 2840 186 2873 mixtae
217 2846 295 2875 sunt
326 2845 358 2877 θ’
393 2847 429 2876 et
461 2858 482 2879 κ
515 2845 671 2886 litterae,
703 2850 741 2878 ut
775 2845 868 2900 apud

57 2885 270 2944 Aeschylum
287 2889 374 2922 Cho.
398 2889 485 2931 495,
511 2891 566 2925 ubi
591 2891 689 2925 libri·
714 2888 782 2925 οὐκ
800 2889 848 2934 ἄρ

60 2926 108 2988 ἦν
137 2933 193 2966 vel
223 2931 270 2967 ου’
301 2932 427 2978 χάριν,
462 2935 523 2969 sed
558 2936 726 2971 Pauwius
756 2944 867 2971 recte:

60 2955 187 3024 όύθαρ
224 2973 284 3024 ἦν.
331 2991 423 3026 quae
457 2982 580 3018 menda
602 2986 643 3018 ut
665 2982 779 3019 rarior
802 2987 869 3026 est,

913 1966 965 2000 ita
995 1978 1021 2010 μ
1057 1968 1093 1999 et
1129 1978 1152 2001 ν
1188 1964 1466 2011 frequentissime
1494 1965 1635 2002 confusa
1658 1964 1726 2002 de-

914 2011 1175 2058 prehenduntur
1197 2012 1233 2046 in
1257 2012 1448 2048 codicibus.

959 2067 1043 2105 548.
1091 2066 1134 2111 λ’,
1158 2067 1227 2104 453
1253 2073 1320 2104 etc.

960 2127 1042 2162 550.
1089 2125 1140 2168 π’,
1163 2127 1220 2161 79-

962 2185 1041 2219 555.
1094 2182 1180 2217 dure
1212 2180 1295 2216 ad
1289 2180 1306 2218 ἓ
1337 2182 1489 2219 refertur
1517 2188 1725 2244 πεπαθυίῃ.

917 2229 1015 2274 atqui
1033 2231 1104 2263 Am.
1118 2230 1184 2270 Q·
1209 2232 1500 2276 πεπαθοίης.
1548 2232 1630 2269 ἀντὶ
1654 2236 1722 2269 τοῦ

915 2276 1120 2316 πέπονθας.
1196 2275 1439 2311 Buttmannus:
1494 2279 1557 2314 καὶ
1602 2278 1724 2325 κήδε’,

917 2320 1011 2365 ἅπερ
1046 2323 1280 2366 πεπαθοίης,
1317 2327 1351 2355 ct
1386 2335 1592 2368 aerumnas,
1636 2338 1724 2372 quas

916 2370 1115 2404 exantlasti.
1161 2368 1195 2402 id
1221 2367 1457 2413 accipiendum
1482 2371 1645 2408 arbitror.

960 2427 1039 2461 559.
1085 2424 1287 2484 βοσκήσεις.
1332 2427 1402 2461 228
1423 2431 1491 2462 etc.

954 2474 1042 2528 ‚3563
1091 2474 1193 2506 Sch.·
1221 2470 1344 2528 ὁμήν
1367 2471 1429 2516 (κ’,
1443 2474 1486 2510 41
1506 2475 1608 2531 etc).
1653 2474 1723 2519 τήν

916 2515 1046 2573 αὐτήν.
1095 2519 1145 2552 E:
1171 2516 1292 2554 ὅτιτὸ
1327 2515 1396 2563 ὀμ.
1422 2517 1464 2554 δ’
1490 2518 1558 2555 οἷν.
1584 2518 1724 2565 ὀϊζυν

915 2561 1048 2608 όμοιόν
1073 2563 1148 2600 ἐστι
1170 2564 1352 2619 παροιμίᾳ
1381 2567 1428 2611 τῇ
1461 2566 1614 2624 λεγούσῃ
1637 2568 1721 2613 τήν

915 2611 1033 2656 ἐμήν
1064 2610 1266 2655 κάμνεις
1297 2610 1455 2647 νόσον.
1487 2633 1534 2639 —-
1567 2613 1722 2651 ἀνεδέ-

915 2661 1086 2702 γμεθα,
1123 2659 1334 2702 excepimus,
1368 2659 1462 2694 velut
1494 2659 1565 2696 tela
1595 2661 1656 2706 (ll.
1681 2660 1720 2706 ε’,

915 2706 1014 2748 619),
1040 2705 1071 2739 h.
1097 2716 1125 2738 e.
1151 2704 1364 2749 pertulimus.

960 2752 1039 2786 565.
1123 2752 1234 2791 ,323

961 2798 1083 2832 566-
1089 2763 1176 2832 ⁰583
1223 2789 1381 2837 οὗτος.
1427 2797 1552 2833 v..393
1574 2816 1618 2823 —
1643 2800 1722 2847 βα-

913 2842 1009 2877 λων
1034 2839 1098 2878 οδ
1135 2842 1328 2878 ἔδωκεν.
1377 2843 1428 2883 E.
1451 2841 1630 2888 ω’δύνησε.
1677 2845 1720 2880 11.

945 2890 1059 2930 ,.397
1084 2908 1130 2914 —
1160 2888 1411 2947 ἐπήρκεσε,
1426 2890 1631 2945 prohibuit.
1677 2892 1721 2930 ΙΙ.

914 2933 975 2992 β’,
986 2937 1087 2971 873.·
1123 2933 1213 2972 οὐδὲ
1235 2937 1274 2972 τί
1295 2936 1333 2971 οἱ
1356 2932 1436 2979 τόγ’
1461 2935 1634 2981 ἐπήρκεσε
1658 2939 1721 2974 λυ-

913 2981 1003 3029 γρὸν
1026 2980 1197 3030 ὄλεθρον·
1220 3001 1267 3010 -
1296 2980 1442 3028 ἐπειγ.
1467 2996 1575 3030 περ,
1598 2996 1721 3030 quam-
