1821 3288
90 101 177 142 550
677 97 1169 146 EPILOGUS.

204 212 360 252 Elocuti
388 225 522 251 sumus
551 211 675 261 illud,
708 212 818 263 quod
849 213 892 251 in
921 213 1095 266 cujusvis
1123 219 1321 265 potestate
1350 215 1472 255 situm
1501 222 1582 266 est,
1616 222 1664 255 ut
1691 222 1757 256 at-

89 270 252 320 tendat,
285 271 450 321 cogitet,
479 282 554 307 nec
582 271 727 308 nubem
758 284 832 321 pro
862 271 1016 308 Junone
1047 272 1321 322 amplectatur.
1379 288 1471 312 nam
1502 273 1609 324 quod
1637 287 1757 326 prae·-

88 333 198 365 terea
227 328 440 378 requiritur
468 327 511 364 in
540 326 617 365 hoc
647 340 808 378 genere,
850 327 891 365 id
921 328 1083 378 quidem
1113 332 1224 370 θεῶν
1259 329 1302 370 ἐν
1331 329 1503 384 γούνασι
1531 335 1679 379 κεῖται,
1710 337 1757 369 ut

89 385 145 422 ait
186 385 403 432 Homerus,
452 397 526 422 nec
562 391 695 422 tamen
735 385 1073 422 contemnendum
1111 392 1169 423 est
1208 393 1440 438 propterea,
1498 389 1589 438 quia
1628 400 1756 438 neque

88 441 261 491 addisci,
292 455 419 492 neque
450 441 500 478 ad
529 441 651 479 libros
679 447 747 478 aut
775 448 987 493 praecepta
1028 444 1210 481 revocari
1249 450 1401 495 potest,
1446 445 1515 482 sed
1545 446 1657 484 velut
1690 444 1755 484 di-

86 498 181 535 vina
213 500 407 549 quaedam
435 512 531 536 aura
565 498 614 536 de
649 499 865 550 improviso
901 499 1103 550 adspirare
1142 501 1242 538 solet
1275 501 1580 552 meditantibus,
1618 507 1656 540 et
1689 502 1756 539 in-

86 556 332 594 extricabilia
362 557 447 594 visa
475 556 624 593 lumine
666 556 866 607 insperato
903 557 1158 608 perfundere.
1215 558 1324 596 Haec
1361 559 1427 596 illa
1457 565 1516 596 est
1546 572 1633 608 ὅτε,
1676 572 1756 608 qua

85 614 273 651 excelluit
305 612 528 664 Bentlejus.
571 612 644 650 nisi
676 614 810 663 quod,
854 613 1010 664 ingenio
1042 614 1156 652 nimis
1186 614 1417 667 indulgens,
1466 616 1562 654 dum
1593 615 1756 666 palaeo-

84 670 312 722 graphicam
340 670 499 722 negligit
525 670 743 720 rationem,
785 671 980 720 speciosos
1008 685 1296 722 nonnunquam
1327 674 1458 711 foetus
1494 672 1640 722 edidit,
1683 671 1755 710 sed

84 740 168 765 non
200 728 350 768 vitales,
411 727 482 765 Cui
513 741 584 764 nos
620 727 768 765 rationi
799 728 1116 779 obtemperantes
1152 728 1217 766 hic
1245 730 1325 767 illic
1369 729 1461 781 ἕλκη
1489 727 1650 769 ’ὕπουλα
1680 742 1755 767 cu-

82 785 280 833 ravimus,
330 784 442 822 haud
483 784 660 822 contenti
707 785 915 836 scripturis
953 785 1247 836 tolerabilibus,
1288 801 1385 837 quas
1423 799 1568 825 vocare
1609 785 1753 834 solent,

82 842 312 880 subridente
345 841 524 879 Jacobsio
554 842 674 894 praes.
713 843 791 881 vol.
815 846 849 884 1.
881 842 1044 881 Anthol.
1075 844 1220 892 Palat.,
1250 857 1336 894 pag.
1359 844 1497 895 71.*),
1528 850 1566 881 et
1591 843 1753 895 impune

81 912 228 937 nomen
260 898 525 948 recensionis,
558 912 655 950 prae
693 913 771 950 quo
804 900 1083 951 recognitionis
1126 900 1261 938 sordet
1290 900 1514 948 nonnullis,
1557 904 1753 951 usurpare

80 957 368 1008 potuissemUS‚
407 956 516 1007 quod
544 969 711 1006 nornen,
745 957 811 1007 qui
837 958 1063 996 nominibus
1091 957 1319 1006 ducuntur,
1348 957 1512 996 reveriti
1539 957 1753 995 miscellio—

80 1026 150 1051 nes
195 1015 364 1051 fortasse
411 1027 552 1051 manus
593 1014 872 1052 abstinuissent
913 1014 991 1052 hoc
1032 1027 1173 1066 opere,
1223 1029 1304 1053 non
1352 1015 1428 1052 illis
1463 1015 1636 1066 scripto;
1683 1014 1754 1052 sed

79 1070 301 1109 Homerum
324 1070 470 1109 imitari
492 1070 716 1122 maluimus,
745 1084 862 1122 quem
888 1086 970 1110 non
993 1073 1166 1123 fumum
1203 1086 1248 1109 ex
1263 1072 1449 1124 fulgore,
1471 1071 1545 1109 sed
1561 1086 1605 1109 ex
1623 1071 1751 1123 samo

81 1128 210 1166 lucem
243 1127 341 1165 dare
374 1128 471 1166 dicit
499 1128 677 1166 Flaccus.
1134 1129 1137 1131 ’

193 1185 404 1237 Ejusmodi
443 1186 710 1234 macularum,
775 1197 876 1234 quae
912 1185 1265 1233 inveteraverunt,
1324 1197 1345 1222 e
1382 1198 1549 1223 numero
1578 1190 1638 1222 est
1673 1184 1752 1223 hoc

78 1243 234 1280 animae
269 1243 496 1281 Patrocleae
533 1242 685 1280 dictum
720 1241 852 1280 Iliadis
880 1242 983 1281 libro
1015 1242 1260 1293 penultimo,
1306 1254 1426 1279 versu
1455 1243 1546 1284 75.:
1584 1242 1653 1281 καί
1683 1257 1754 1294 μοι

77 1297 152 1348 δός
180 1298 256 1351 τήν
287 1296 403 1353 χεῖρ’,
441 1295 713 1352 ὀλοφύρομαι,
757 1306 797 1338 et
825 1300 927 1338 illud
955 1300 1153 1351 Odyssea,
1194 1294 1240 1351 ρ’,
1270 1297 1385 1340 506.;
1425 1297 1449 1339 o‘
1479 1295 1522 1339 δ’
1551 1297 1753 1340 metans.-

75 1371 175 1408 quae
207 1358 320 1408 loca,
359 1357 462 1395 sicut
496 1357 571 1394 alia
610 1355 806 1407 quaedam
847 1358 1058 1408 utriusque
1094 1356 1281 1395 carminis
1319 1356 1471 1407 pariter
1504 1356 1663 1404 affecta,
1706 1355 1753 1394 in

77 1415 284 1453 Addendis
324 1415 485 1453 deinum
524 1414 626 1451 sexti
668 1413 880 1452 voluminis
919 1415 1129 1454 enucleare
1175 1413 1354 1464 contigit.
1411 1415 1514 1451 Sunt
1549 1419 1683 1451 autem
1711 1419 1753 1452 et

73 1471 176 1510 haec
206 1479 246 1510 et
271 1472 488 1510 consimilia
516 1471 609 1507 satis
634 1470 762 1507 multa
791 1471 987 1509 asteriscis
1016 1486 1123 1510 nunc
1152 1476 1290 1510 notata
1319 1483 1390 1522 per
1417 1476 1551 1508 totum
1577 1470 1752 1520 librum;

72 1542 174 1580 quae
201 1528 440 1580 aliquando,
483 1527 515 1565 si
548 1539 752 1566 assensum
788 1527 1030 1565 Criticorum
1059 1529 1300 1565 idoneorum
1336 1527 1502 1564 tulerint
1532 1527 1752 1565 correctio-

69 1601 164 1635 neS‚
212 1588 254 1623 in
291 1586 378 1637 ipso
412 1584 554 1622 ordine
597 1583 790 1634 perscribi
825 1583 1076 1635 jubebimuS‚
1122 1583 1292 1622 vetustis
1329 1583 1514 1621 sordibus
1550 1584 1595 1621 in
1634 1591 1752 1623 notas

70 1644 273 1696 conjectis.

186 1699 296 1748 Quid
328 1706 486 1749 autem,
523 1699 679 1751 inquiat
716 1697 936 1749 quispiam,
988 1697 1021 1736 si
1047 1696 1316 1749 displicebunt
1352 1695 1451 1734 istae
1484 1701 1578 1734 tuae
1611 1710 1750 1736 corre-

70 1759 253 1798 ctiones?
283 1758 542 1809 Respondeo,
597 1770 647 1795 ne
679 1755 735 1794 sic
766 1755 927 1806 quidem
959 1768 1055 1794 vere
1085 1755 1334 1794 cavillatores
1367 1753 1529 1792 laudem
1558 1754 1752 1793 novitatis

71 1831 118 1855 ac
146 1816 402 1868 proprietatis
431 1815 677 1867 abjudicasse
705 1813 753 1851 ab
782 1813 861 1851 hoc
894 1813 1063 1865 scripto,
1105 1825 1195 1850 cum
1223 1811 1266 1849 id
1294 1817 1429 1848 tamen
1465 1817 1644 1860 constet,
1675 1825 1750 1850 nos

69 1874 222 1927 primos
246 1874 431 1911 incurata
454 1873 529 1910 ista
557 1872 692 1910 ulcera
725 1871 951 1922 explorasse
981 1877 1022 1908 et
1061 1869 1300 1907 medicinam
1323 1867 1577 1917 adhibuisse,
1608 1882 1687 1918 qua
1717 1868 1750 1906 si

72 1931 161 1981 quis
191 1931 396 1970 utiliorem
435 1929 651 1980 repererit,
695 1928 727 1965 is
753 1927 873 1966 laude
911 1928 1069 1966 fruetur
1105 1940 1201 1976 sua,
1252 1931 1414 1964 nostrae
1449 1924 1561 1963 haud
1588 1925 1751 1964 officiet.

72 1989 281 2028 Praeterea
313 2001 411 2026 vero
450 2000 514 2025 res
541 1985 764 2035 naturales,
807 1984 1040 2033 historiam,
1079 1983 1377 2035 grammaticam
1411 1988 1451 2020 et
1489 1981 1749 2033 rhetoricam,

72 2059 156 2085 non
190 2045 348 2096 vulgari
374 2044 496 2082 modo
527 2042 747 2095 explicavi,
778 2042 848 2080 sed
871 2042 978 2093 ipsos
1004 2041 1150 2080 harum
1179 2039 1479 2091 disciplinarum
1498 2040 1629 2077 fontes
1655 2039 1750 2090 adii,

73 2103 364 2144 recentioribus
390 2108 525 2141 tamen
555 2099 786 2157 auctoribus
815 2098 1133 2138 succenturiatis.
1191 2097 1394 2147 Quodque
1421 2097 1643 2135 maximum
1661 2110 1750 2136 mo-

74 2167 256 2200 mentum
277 2159 425 2208 habet,
458 2158 613 2197 nullum
644 2170 828 2206 versum,
872 2156 1029 2195 nullum
1052 2154 1316 2202 vocabulum,
1346 2153 1618 2205 praetermisi,
1650 2153 1750 2204 quin

74 2218 199 2257 fidem
228 2217 312 2270 ejus
340 2217 634 2264 examinarem3
675 2227 795 2263 quam
824 2227 910 2252 rem
943 2213 1029 2258 alii,
1065 2214 1108 2250 in
1144 2212 1271 2261 iisque
1300 2211 1381 2249 viri
1415 2207 1654 2261 doctissimi,
1683 2211 1750 2250 vel

73 2288 238 2328 prorsus
269 2274 551 2325 neglexerunt,
595 2271 660 2309 vel
687 2272 866 2310 breviter
901 2277 1023 2321 atque
1055 2270 1099 2307 in
1136 2275 1374 2306 transcursu
1414 2273 1667 2318 tractarunt,
1706 2268 1749 2306 in

74 2329 365 2384 disputationes
396 2331 545 2369 altioris
575 2327 735 2380 quidem
763 2328 849 2367 illas
879 2326 1102 2378 indaginiS,
1132 2325 1202 2363 sed
1227 2325 1348 2377 paulo
1374 2324 1579 2363 alieniores
1608 2339 1631 2362 a
1649 2338 1750 2376 pro-

72 2392 224 2443 posito,
263 2388 484 2439 exspatiati.
541 2387 642 2426 Nam
676 2386 721 2424 id
748 2398 842 2423 sane
870 2397 1005 2422 omnes
1036 2382 1240 2434 cupimus,
1271 2382 1500 2432 quicunque
1537 2381 1600 2419 his
1634 2382 1749 2420 litte-

72 2447 127 2487 ris
154 2452 359 2496 tenemur,
409 2459 529 2495 quam
561 2442 878 2482 emendatissima
919 2442 994 2493 legi
1028 2440 1153 2479 verba
1184 2439 1378 2479 Homeri:
1425 2439 1547 2490 igitur
1586 2438 1640 2478 ad
1669 2438 1749 2477 hoc

73 2503 338 2544 obtinendum
369 2503 464 2541 totis
507 2502 660 2541 viribus
703 2501 954 2549 annitamur,
996 2504 1153 2547 cetera,
1208 2509 1310 2547 quae
1346 2495 1398 2534 ad
1440 2496 1747 2548 explicationem

164 2730 205 2774 ²²)
229 2729 338 2772 „Non
360 2727 387 2762 ii
410 2738 548 2770 sumus,
574 2726 652 2771 qui,
687 2726 780 2772 quod
811 2727 855 2761 ab
893 2723 1137 2760 eruditissimis
1157 2721 1250 2757 vii-is⁴
1278 2719 1451 2755 interdum
1475 2718 1551 2753 fieri
1579 2718 1746 2774 videmus,

73 2777 262 2818 lectiones,
297 2786 384 2820 quae
407 2773 602 2808 tolerabiles
635 2772 725 2816 sint,
749 2771 931 2808 mutandas
955 2772 1184 2807 tentandasve
1209 2777 1382 2821 negemus.
1450 2765 1661 2819 Tulei-abulen
1682 2776 1746 2799 au-

75 2830 144 2859 tem
174 2825 376 2868 plerumque
406 2825 534 2854 vocant
559 2830 637 2861 eaS‚
679 2832 767 2865 quae
791 2819 925 2864 argutis
955 2817 1156 2864 quibusdam
1183 2813 1386 2868 ratium-:ulls
1417 2811 1534 2856 aliquo
1563 2812 1660 2846 modo
1684 2822 1746 2845 ex-

76 2869 201 2917 plicari
225 2880 327 2914 posse
347 2867 539 2901 videantur.
578 2865 682 2900 Talia
705 2867 812 2900 multa
835 2872 916 2900 sunt
939 2864 973 2899 iu
995 2865 1048 2899 his
1072 2863 1361 2909 Epigrammans,
1385 2869 1474 2904 quae
1491 2858 1624 2893 frustra
1645 2861 1747 2892 tuea-

78 2916 149 2961 ris,
174 2915 311 2951 veriore
333 2913 478 2950 lectione
501 2912 597 2948 felici
623 2913 824 2959 conjectura
845 2914 1027 2959 reperta.“
1073 2910 1211 2945 Jacobs.
1237 2907 1258 2942 l.
1283 2917 1314 2942 c.
