1821 3288
105 92 210 134 398·
485 90 809 136 ADDENDA
847 93 930 135 ET
970 69 1398 138 EMENDANDA.

102 200 149 247 χ’,
183 203 253 243 26,
291 200 438 235 indicem
472 202 651 248 Aeschyli,
675 208 742 239 etc.
766 224 812 230 —-
858 205 937 239 722.
962 203 1128 238 Barocc.=
1159 205 1361 251 ἐθρήνουν.
1387 207 1553 243 Barnes.=
1577 206 1770 251 ἓθρήνευν.

107 251 170 282 hoc
195 248 372 292 accipiam.
401 266 443 272 —
492 249 569 283 730.
597 249 697 293 ἔχες
720 247 761 285 δ’
787 249 1007 294 ἀλόχους.
1033 251 1149 286 Schol.
1176 253 1264 287 Vict.
1280 266 1291 286 ε
1314 252 1567 299 η’τυμολόγησε
1590 254 1632 290 to*
1652 254 1773 292 ὄνομα

93 291 284 335 ”Εκτορος.
320 293 410 337 quod
444 294 579 339 quidem
613 308 732 330 nomen
757 297 799 330 ab
827 295 918 340 ἔχειν
942 297 1080 330 ductum
1105 303 1168 331 est.
1194 299 1239 332 cf.
1264 300 1394 346 Odyss.
1418 301 1464 344 ζ’,
1489 303 1568 338 183.
1599 319 1647 328 —-
1692 303 1791 338 734..

100 352 169 376 scr.
196 338 383 376 ἀθλεύων.
408 359 450 366 -
477 341 558 376 744.
583 353 653 376 scr.
678 340 848 378 πυκινόν.
875 363 920 395 ,-
945 344 1024 379 764.
1049 355 1120 377 scr.
1145 342 1200 385 ὅς.

568 523 1316 576 ODYSSEA.

193 616 243 655 A,
267 614 322 648 24.
360 612 635 657 δυσομένου
668 609 958 656 Ὑπερίονος.
989 616 1111 650 menda
1146 617 1364 652 inveterata:
1406 629 1518 664 neque
1550 619 1637 654 enim
1662 612 1772 654 loc'um

100 658 160 693 hic
191 659 294 693 habet
328 659 500 701 futurum,
532 660 594 693 sed
628 661 845 695 scribendum
874 663 994 706 procul
1019 664 1122 696 dubio
1148 669 1203 697 est
1235 665 1442 706 δυομένου.
1475 665 1564 700 sicut
1588 664 1773 703 ἀνιόντος.

102 711 214 739 ortum
241 706 379 739 videtur
404 717 424 740 σ
449 717 490 738 ex
517 719 536 740 ο
561 707 680 739 littera
704 707 832 748 simili,
866 720 954 752 quae
978 709 1153 754 sequitur,
1185 712 1502 752 ΔΊῸΜΕΝΟΤ,
1540 714 1773 748 ΔΊὊΟΜΕ·

103 753 223 786 ΝΟΤ.
253 752 428 785 contrario
455 763 571 786 errore
597 749 746 794 ἐρύουσι
772 765 834 799 pro
859 753 1032 795 ἕρύσουσι
1063 755 1228 800 scriptum
1261 764 1316 790 est
1339 758 1373 790 in
1398 757 1549 802 vulgatis
1572 759 1649 793 olim
1674 759 1773 792 libris

103 799 143 831 ΙΙ.
169 797 211 840 λ’,
236 797 318 832 454.
343 816 388 822 -
436 798 492 832 86.
517 810 592 834 ann.
621 810 707 832 scr.:
745 800 781 832 ll.
808 800 854 842 α’,
879 801 958 835 514.
985 820 1028 825 —
1077 803 1154 837 171.
1179 799 1390 844 ὁπποίης
1416 823 1460 828 -
1490 803 1684 846 nimium
1717 804 1772 838 in-

102 843 175 877 tell.
205 842 406 885 κατάλεξον
430 856 473 877 ex
497 845 754 889 superioribus:
781 859 880 888 κατ.,
909 845 968 881 ἐπὶ
995 844 1137 891 ὁποίης.
1163 861 1193 881 ν.
1223 846 1288 892 ἀφ.
1309 849 1439 893 alioqui
1454 849 1633 884 dicendum
1651 849 1774 884 suisset

101 892 225 930 ποίης.
250 908 293 915 -
341 892 422 924 226.
451 891 675 935 εἰλαπίνη
702 889 762 935 ἠέ.
789 891 876 925 dura
901 893 1070 938 synizesis
1109 894 1205 938 atqui
1230 895 1328 928 codd.
1356 896 1448 929 fere:
1475 895 1654 938 slimziv’,
1678 897 1773 940 quod

102 936 277 980 intelligas
302 935 474 970 εἰλαπινοὶ
511 938 553 970 ab
577 937 789 980 εἰλαπινὸς,
822 948 967 973 accentu
1000 945 1162 973 retracto.
1189 941 1298 973 malim
1324 946 1437 975 tamen
1463 941 1637 984 εἰλάπιν’,
1673 941 1773 977 εἰλά-

101 995 214 1024 πινα,
251 982 410 1026 quoniam
436 982 566 1016 dicitur
593 985 785 1027 εἰλαπίνη,
813 985 845 1019 h.
872 998 901 1020 e.
927 984 1104 1031 βρώματα
1128 986 1201 1020 sive
1227 986 1408 1029 ἐδέσματα
1434 987 1628 1030 εἰλάπινα,
1653 999 1772 1033 quem-
1819 1005 1821 1011 ¹

103 1028 282 1062 admodum
316 1029 486 1074 εἰλαπίνη
524 1036 578 1062 est
609 1032 693 1070 δαὶς
726 1031 893 1075 εἰλαπίνη
930 1032 985 1065 vel
1019 1032 1181 1077 quiddam
1215 1034 1390 1076 ejusmodi.
1417 1040 1535 1078 posset
1558 1036 1659 1069 etiam
1684 1033 1773 1067 sumi
1820 1034 1821 1038 ’

103 1086 224 1109 nomen
258 1073 470 1117 εἰλάπινον,
503 1086 576 1109 cum
607 1076 743 1120 legatur
771 1080 902 1119 πῖνον,
936 1078 1027 1121 quod
1062 1078 1170 1123 prima
1203 1086 1238 1112 et
1263 1079 1403 1123 propria
1434 1081 1574 1114 notione
1597 1080 1772 1124 significat

103 1126 222 1165 potum
256 1122 452 1165 quemlibet.
487 1122 562 1164 ejus
594 1123 752 1155 vocabuli
782 1124 876 1166 prior
900 1125 1031 1167 syllaba
1056 1125 1274 1164 corripienda
1299 1131 1375 1158 erat
1399 1127 1497 1159 metri
1522 1128 1657 1171 gratia,
1680 1125 1772 1159 sicut

102 1166 293 1211 penultima
315 1167 350 1199 in
370 1169 550 1210 εἰλαπίνη.
568 1169 628 1201 sed
644 1169 752 1211 magis
768 1170 881 1213 placet
898 1170 1107 1212 adjectivum
1125 1169 1330 1204 εἰλάπινον.
1345 1190 1389 1196 --
1412 1173 1492 1206 260.
1517 1187 1536 1207 κ
1548 1173 1594 1207 αὶ
1619 1186 1639 1207 κ
1651 1174 1769 1212 εἷσε,

103 1214 210 1247 etiam
233 1213 334 1253 illuc,
359 1218 397 1246 ut
422 1214 546 1246 deinde
569 1214 612 1246 ad
637 1225 710 1247 nos.
736 1234 781 1238 —
827 1217 909 1250 276.
935 1216 1052 1257 μέγα
1077 1216 1350 1257 ὃυναμένοι
1367 1229 1397 1250 ο.
1424 1219 1510 1251 haec
1526 1219 1637 1252 verba
1653 1216 1771 1251 nescio

104 1259 180 1303 quis
207 1258 367 1303 primum,
393 1259 427 1292 ni
451 1259 569 1300 fallor,
593 1259 628 1292 in
653 1259 806 1303 margine
831 1261 1018 1305 adscripsit
1035 1262 1151 1295 versui
1169 1265 1199 1296 1.
1217 1261 1435 1305 Εἰρεσιαὶνης
1452 1264 1538 1306 (vol.
1556 1267 1589 1299 6.
1607 1275 1641 1308 p.
1659 1263 1772 1306 367.),

103 1316 193 1349 quae
217 1304 297 1337 dein
321 1307 470 1348 genuina.
495 1305 589 1348 μέγα
616 1305 855 1348 δαινυμένοιο
890 1308 1107 1351 expulerunt.
1134 1308 1210 1351 quis
1236 1309 1321 1342 enim
1348 1309 1466 1342 audiat
1489 1309 1658 1343 dicentem
1680 1307 1773 1353 μέγα

103 1350 348 1394 δυναμένοιο,
384 1347 425 1391 ὃς
456 1352 547 1395 μέγα
581 1351 770 1386 dovoti-ou?
807 1373 853 1377 —
898 1355 978 1388 297.
1004 1355 1089 1398 Ap.:
1125 1353 1253 1396 ὀχέειν.
1278 1353 1493 1398 νηπιάας
1518 1353 1580 1398 όχ.
1604 1354 1652 1392 τοὶ
1676 1355 1771 1390 νέων
1799 1368 1801 1370 ·

101 1401 275 1442 φρονεῖν,
301 1394 323 1441 ἤ
348 1396 519 1441 ὀχεῖσθαι
542 1395 617 1433 ’ὑπὸ
643 1395 829 1441 νεότητος.
854 1410 950 1444 quem
975 1399 1193 1434 Scholiastae
1217 1401 1267 1434 illi
1292 1407 1466 1435 auctorem
1491 1401 1685 1435 habuerint.
1711 1412 1771 1435 ce-

99 1451 213 1479 terum
248 1444 334 1477 haec
366 1444 492 1477 affecta
527 1455 603 1478 esse
635 1456 703 1478 non
737 1446 868 1479 dubito.
901 1445 978 1489 quis
1002 1447 1088 1478 enim
1115 1458 1262 1489 unquam
1286 1447 1336 1480 ita
1360 1453 1419 1480 aut
1441 1447 1575 1481 locutus
1599 1451 1675 1489 est,
1710 1452 1772 1481 aut.

100 1490 194 1536 loqui
219 1489 332 1534 potuit
356 1502 419 1534 per
442 1490 662 1534 analogiam?
689 1498 869 1534 praeterea
893 1502 945 1524 me
969 1497 1082 1524 movet
1106 1492 1293 1536 Sophistae
1318 1492 1581 1536 interpretatio:
1604 1493 1652 1528 τοὶ
1677 1492 1772 1529 νέων

99 1540 269 1582 φρονεῖν.
287 1536 396 1579 quid?
423 1534 522 1580 ὀχεῖν
541 1544 580 1569 ut
596 1537 642 1569 sit
659 1537 839 1579 φρονεῖν’]
868 1548 990 1580 nugae.
1011 1537 1102 1570 aliud
1126 1538 1184 1570 ille
1215 1539 1336 1571 vocab.
1360 1538 1496 1582 legerat
1512 1539 1549 1572 in
1567 1539 1665 1573 libris
1685 1540 1770 1583 suis,

99 1583 235 1618 scilicet
250 1581 380 1623 κοέειν,
401 1583 434 1616 h.
450 1594 480 1615 e.
498 1585 597 1616 νοεῖν
617 1595 676 1616 seu
691 1586 859 1626 φρονεῖν,
881 1583 922 1615 de
934 1594 1000 1627 quo
1012 1594 1046 1616 v.
1059 1595 1135 1616 ann.
1149 1583 1240 1619 adli.
1257 1586 1338 1618 221.
1362 1590 1399 1617 et
1424 1585 1555 1618 Buttin.
1595 1586 1704 1620 Lexil.
1732 1587 1768 1621 2.

101 1643 137 1676 p.
147 1630 227 1664 265.
237 1635 290 1661 est
300 1629 364 1660 hoc
371 1628 457 1661 satis
469 1629 608 1662 obvium
621 1640 675 1672 ap.
684 1629 874 1674 scriptores
885 1639 994 1671 genus
1005 1629 1157 1668 mendae,
1174 1641 1247 1662 cum
1258 1630 1395 1663 litterae
1404 1630 1539 1664 inverso
1551 1632 1672 1665 ordine
1689 1643 1772 1676 per-

99 1675 252 1720 scriptae
276 1679 376 1715 sunt,
399 1675 473 1707 sive
498 1686 601 1714 casu,
626 1686 685 1708 seu
711 1687 774 1719 per
799 1675 1034 1708 oscitationem
1060 1674 1296 1708 librariorum:
1335 1675 1430 1709 velut
1454 1677 1628 1710 Porsonus
1650 1678 1770 1720 μόνον

99 1723 136 1756 in
161 1721 280 1764 νόμον
306 1720 506 1753 mutandum
531 1732 607 1754 esse
631 1720 802 1754 intellexit
827 1721 919 1766 apud
945 1720 1117 1753 Comicum
1146 1723 1206 1754 Av.
1233 1721 1322 1761 464,
1358 1721 1416 1754 ubi
1442 1733 1474 1755 v.
1499 1733 1577 1756 ann.
1603 1727 1638 1756 et
1662 1724 1771 1758 adde-

99 1770 148 1803 sis
173 1766 332 1811 Aeschyl.
357 1765 482 1811 Suppl.
509 1768 598 1807 783,
624 1767 748 1800 Horat.
772 1767 848 1801 Sat.
872 1769 918 1807 2,
943 1768 987 1808 3,
1021 1768 1089 1807 28,
1115 1766 1248 1800 Vindic.
1276 1767 1379 1801 Ovid.
1408 1766 1451 1800 ad
1477 1767 1563 1802 Met.
1579 1770 1654 1810 χ15,
1687 1769 1770 1805 364.

99 1815 150 1850 sic
174 1814 281 1858 igitur
306 1813 339 1845 h.
360 1812 381 1845 l.
407 1812 644 1857 scripserunt,
671 1813 814 1858 opinor,
840 1813 981 1857 primum
1005 1810 1144 1854 ὀκέειν,
1177 1813 1304 1848 deinde
1329 1811 1468 1857 ὀχέειν,
1500 1815 1593 1858 quod
1623 1815 1771 1860 intelligi

101 1866 240 1905 posset3
276 1858 333 1891 vel
356 1859 450 1892 forte
475 1859 678 1903 permutatis
702 1873 723 1894 κ
748 1864 784 1892 et
808 1872 827 1903 χ
853 1859 1001 1899 litteris,
1035 1865 1075 1893 ut
1105 1871 1210 1904 saepe
1241 1860 1326 1893 alias
1361 1861 1414 1904 (v.
1447 1859 1490 1892 Il.
1517 1858 1568 1901 φ’,
1591 1861 1680 1902 549,
1715 1861 1770 1905 ψ’,

100 1910 146 1943 75
170 1907 206 1939 in
231 1905 319 1940 Add.
355 1905 464 1947 etc.)‚
498 1905 698 1939 inusitatum
734 1906 875 1939 verbum
899 1905 1015 1947 χοέειν
1039 1905 1156 1939 sedulo
1181 1911 1367 1939 mutarunt.
1401 1924 1446 1930 --
1492 1905 1679 1942 376—80.
1704 1909 1771 1942 huc

101 1952 350 1995 transscripta,
385 1950 453 1985 nisi
477 1951 602 1993 fallor,
638 1963 658 1985 e
681 1951 769 1985 libro
794 1953 838 1995 2,
871 1952 1074 1994 141—45,
1099 1962 1166 1996 quo
1191 1952 1266 1986 loco
1291 1956 1373 1997 apte
1397 1951 1560 1987 claudunt
1582 1954 1770 1989 orationem

101 1997 315 2034 Telemachi.

196 2047 247 2085 B,
271 2045 329 2078 31.
353 2054 440 2076 sen:
466 2040 514 2086 ἥν
538 2039 578 2086 χ’
603 2039 703 2088 ἡμῖν.
731 2062 775 2068 -
822 2044 880 2078 33.
905 2039 1031 2088 αὐτῷ
1054 2041 1209 2076 alienum.
1236 2053 1400 2087 ponamus
1426 2039 1568 2084 αὔτως,
1600 2045 1668 2087 sic,
1705 2057 1770 2091 pa-
1820 2070 1821 2094 ÷

100 2092 188 2126 riter
213 2103 253 2124 ac
279 2091 390 2122 bonus
414 2095 468 2122 est
493 2094 597 2134 atque
620 2090 725 2125 utilis.
759 2109 802 2115 —-
850 2091 906 2124 63.
942 2087 997 2124 οὐ
1030 2086 1115 2132 γάρ
1143 2087 1205 2123 ἔτ’
1231 2088 1438 2133 ἄνσχετοὶ
1464 2089 1580 2134 ἔργα
1604 2091 1770 2127 τετεύ-

101 2150 270 2184 χαται,
297 2133 405 2170 οὐδ’
433 2134 500 2170 ἔτι
529 2137 685 2176 καλῶς
714 2134 851 2175 οἶκος
877 2134 992 2179 ἐμός
1017 2136 1232 2170 διόλωλε.
1259 2136 1341 2180 quid
1367 2137 1433 2170 hoc
1457 2137 1521 2170 sibi
1547 2135 1642 2179 vult,
1675 2139 1770 2182 quod
1820 2132 1821 2142 ¹

102 2185 209 2227 dicit,
242 2183 376 2216 domum
400 2193 493 2214 suam
519 2194 587 2215 non
621 2184 768 2226 amplius
794 2184 875 2215 bene
915 2182 1057 2226 perire?
1089 2188 1148 2215 aut
1173 2181 1230 2226 qui
1257 2187 1394 2226 potest,
1429 2188 1469 2216 ut
1493 2182 1622 2227 aliquid
1646 2189 1771 2229 pereat

102 2234 203 2272 bene,
229 2227 375 2268 καλώςῖ)
409 2229 595 2261 scribamus
619 2228 711 2262 haud
745 2233 967 2262 cunctanter:
1001 2225 1090 2263 οὐδέ
1113 2241 1148 2261 τι
1171 2231 1313 2269 καλῶς,
1347 2228 1379 2261 h.
1405 2240 1436 2262 e.
1462 2229 1641 2273 αἰσχροῖς,
1680 2230 1772 2264 sicut

101 2278 247 2312 inferius
271 2276 350 2310 283.
377 2273 469 2309 οὐδέ
492 2287 526 2308 τι
552 2275 674 2308 ἴσασιν
699 2279 765 2308 etc.
793 2276 877 2307 haec
902 2274 1003 2307 etiam
1029 2273 1076 2318 η’,
1108 2275 1177 2308 273
1203 2281 1238 2307 et
1262 2274 1347 2307 alias
1371 2275 1528 2308 confusa.
1551 2294 1598 2300 -—-
1621 2277 1678 2310 96.
1703 2287 1771 2310 non

102 2324 285 2364 abhorret,
321 2318 483 2364 κούρους
507 2321 699 2366 appellatos
725 2332 801 2354 esse
825 2332 845 2352 a
870 2321 1026 2353 tonsione
1050 2331 1230 2365 puerorum
1255 2321 1478 2364 ingenuorum
1502 2325 1657 2366 tempore
1679 2321 1771 2356 anti-

103 2369 286 2416 quissimo:
330 2379 405 2402 nam
440 2367 582 2400 Homeri
606 2371 723 2400 aetate
747 2366 882 2412 quidem
907 2366 1036 2400 Graeci
1061 2377 1186 2399 comam
1213 2366 1380 2399 aluerunt.
1407 2378 1440 2400 v.
1464 2378 1543 2401 ann.
1569 2367 1614 2400 ad
1641 2365 1688 2413 β’,
1714 2369 1770 2403 11.

102 2437 148 2442 -
180 2414 406 2453 τούτους.
440 2414 486 2446 cf.
520 2413 663 2446 inferius
691 2413 768 2447 165.
801 2431 846 2438 -
895 2413 974 2447 115.
998 2412 1104 2447 εἶδ’
1141 2411 1205 2446 ἔτ’
1240 2411 1435 2455 ἀνιήσει
1466 2431 1514 2438 --
1547 2412 1771 2459 Μυκήνη.

103 2462 212 2496 intell.
237 2461 358 2501 καλῶς
382 2457 601 2514 ἐστι,ὀυο(1
625 2459 755 2492 ironice
779 2458 879 2491 dixit.
904 2470 937 2491 v.
964 2470 1038 2493 ann.
1065 2458 1109 2493 ad
1133 2456 1182 2501 μ’,
1208 2460 1283 2493 141.
1311 2458 1361 2492 sic
1385 2462 1500 2492 autem
1523 2459 1773 2505 interpungen-

104 2509 181 2542 dum
208 2514 283 2541 est:
309 2526 354 2532 --
382 2509 553 2548 Μυκηνη.
584 2504 693 2539 Τάων
720 2523 761 2528 -
786 2502 869 2550 ᾔδη.
891 2503 994 2548 ’Ateio
1021 2511 1086 2539 etc.
1118 2524 1164 2529 —
1213 2504 1290 2539 148.
1315 2516 1347 2540 v,
1381 2504 1438 2538 hic
1461 2516 1598 2550 quoque
1623 2518 1702 2540 ann.
1726 2505 1771 2540 ad

104 2555 154 2599 μ’,
180 2554 257 2590 141.
291 2573 337 2579 -
371 2554 450 2589 194.
482 2551 548 2585 imo
582 2551 638 2584 hic
664 2562 800 2595 quoque
835 2551 1023 2595 permixtae
1047 2551 1202 2597 sidentur
1228 2564 1242 2584 ι
1266 2554 1300 2584 et
1326 2563 1346 2585 ο
1369 2551 1508 2584 litterae
1536 2553 1586 2594 (v.
1612 2552 1702 2586 Add.
1726 2551 1772 2586 ad

105 2602 145 2636 Il.
182 2600 237 2644 ψ’,
262 2600 356 2642 75.),
387 2611 450 2633 nec
482 2597 600 2631 dubito
625 2598 705 2641 quin
733 2599 920 2640 ponendum
945 2599 990 2630 sit
1015 2598 1140 2637 αὖτις,
1177 2598 1321 2636 iterum,
1356 2602 1395 2630 ut
1418 2597 1595 2632 Antinous.
1621 2617 1667 2623 —
1689 2598 1770 2633 203.

107 2646 432 2694 βεβρώσεται,
458 2641 704 2689 βρωθήσεται.
731 2643 853 2677 Matth.
880 2645 912 2685 ἓ.
939 2645 1018 2678 226.
1043 2663 1088 2670 --
1111 2645 1191 2678 251.
1217 2644 1260 2677 εἰ
1282 2639 1566 2678 πλεόνεσσιν
1591 2641 1770 2678 ἕποιτο.

108 2693 338 2728 consideranti
373 2691 453 2725 mihi
479 2689 678 2734 diligentins
702 2689 1023 2733 interpretationem
1054 2690 1143 2724 illam
1169 2689 1437 2722 Scholiastarum
1463 2689 1498 2723 εἰ
1516 2689 1643 2724 πολλοὶ
1668 2686 1772 2735 αὐτῷ

108 2740 283 2781 ἕποιντο,
319 2738 376 2771 vix
411 2737 548 2770 dubium
582 2740 635 2769 est
659 2735 738 2779 quin
765 2735 862 2769 Hom.
889 2735 1017 2769 dixerit
1042 2737 1074 2770 εἰ
1099 2734 1246 2774 πλέονες
1271 2733 1500 2770 συνέποιντο.
1525 2735 1772 2780 depravatione

109 2787 256 2831 proclivi
288 2785 502 2828 scripserunt
535 2781 767 2821 πλεόνεσσιν,
803 2793 868 2825 quo
894 2782 986 2814 facto
1019 2794 1159 2816 necesse
1184 2781 1249 2814 suit
1284 2781 1363 2826 poni
1387 2779 1526 2816 ἕποιτο.
1553 2781 1644 2825 quod
1668 2781 1772 2815 intel-

110 2833 196 2867 lexit
221 2834 373 2871 Battum
397 2830 456 2863 sed
483 2828 604 2862 durior
629 2833 682 2860 est
706 2827 779 2870 ejus
805 2827 994 2860 emendatio
1020 2830 1054 2862 εἰ
1074 2828 1221 2866 πλέονές
1246 2827 1280 2862 οὶ
1305 2826 1466 2861 ἕποιντο.
1499 2827 1655 2860 similiter
1668 2828 1769 2862 2822

110 2879 173 2914 καὶ
199 2877 266 2921 ἅμ’
296 2876 436 2920 ἕψομαι
460 2873 594 2916 αὐτὸς,
617 2872 716 2907 413.:
744 2874 799 2907 τοὶ
826 2873 861 2908 δ’
890 2870 959 2914 ἅμ’
987 2873 1118 2910 ἕποντο
1135 2878 1201 2909 etc.
1226 2892 1273 2898 —-
1295 2874 1375 2909 255.
1393 2872 1650 2928 perspicnitatis
1667 2884 1773 2907 causa

110 2925 163 2960 sic
187 2925 488 2968 interpungamus:
515 2918 609 2960 ἀλλ’,
635 2916 725 2960 ὀΐω,
751 2919 833 2960 καὶ,
858 2918 964 2962 δηθά
988 2924 1097 2962 unffi,
1123 2918 1200 2965 ἀγγ.
1225 2925 1312 2955 etc..
1337 2920 1370 2953 h.
1395 2930 1425 2952 e.
1452 2916 1563 2959 ἀλλα,
1594 2918 1686 2962 olm,
1708 2918 1772 2954 καὶ

113 2970 154 3008 ἐν
173 2968 301 3017 Ἰθάκῃ
324 2968 430 3006 azeis.
456 2965 556 3014 oiyy„
582 2965 686 3012 δηθά
711 2968 820 3010 unffi,
847 2977 985 3012 verum,
1014 2968 1155 3013 opinor,
1188 2967 1293 3002 ctiam
1312 2965 1348 3000 in
1374 2965 1498 3000 Ithaca
1519 2966 1658 3000 nuntios
1683 2966 1772 3000 acci-
