1821 3288
339 552 1336 615 FRAGMENTA.

424 834 463 861 α.
540 810 641 861 Ἐκ
693 818 822 862 τοῦ
868 815 1249 875 Μαργίτου.

115 931 151 970 1.
184 924 326 969 Πόλλ’
353 923 561 981 ἠπίστατο
591 925 884 981 ὲ’ργα,·κακῶς
918 923 959 968 δ’
991 922 1199 980 ἠπίστατο
1227 921 1385 968 πάντα.

108 1054 148 1092 2.
179 1047 261 1091 τόν
291 1048 335 1092 δ’
367 1047 467 1091 οὔτ’
496 1066 554 1102 αρ
583 1054 810 1117 σκαπτῆρα
840 1048 936 1092 θεοι
966 1047 1118 1098 θέσαν,
1149 1045 1244 1090 οὔτ’
1265 1044 1498 1117 ἀροτῆρα,

178 1103 272 1148 οὔτ’
307 1104 445 1156 ἄλλως
473 1122 514 1148 τι
545 1105 711 1162 σοφόν·
740 1106 880 1162 πάσης
909 1103 954 1149 δ’

985 1103 1203 1161 ἡμάρτανε
1230 1104 1398 1161 τέχνης

55 1212 58 1218 ’
108 1232 166 1274 3.*
172 1223 307 1273 Ηλθέ
336 1245 400 1279 τις
429 1230 489 1279 εἷς
518 1232 773 1301 Κολοφῶνα
801 1229 944 1284 γέρων
971 1228 1046 1273 καὶ
1073 1231 1195 1278 θεῖος
1225 1225 1391 1280 οἶοιδὸς,

180 1285 412 1329 Movea'mv
441 1286 666 1340 θεράπων,
695 1286 769 1330 καὶ
797 1285 1010 1341 ἑκηβόλου
1035 1283 1318 1336 Ἀπόλλωνος,

183 1345 314 1399 ‹pil-323
344 1342 452 1398 ἔχων
481 1343 528 1387 ἐν
555 1343 701 1400 χερσὶν
730 1342 983 1399 εὕφθογγον
1013 1341 1166 1398 λύρην.

285 1540 326 1598 β.
391 1532 482 1583 Ἐκ
525 1539 627 1599 τῆς
668 1536 1019 1598 (κυκλικῆς)
1066 1535 1386 1597 Θηβαΐδος.

110 1653 149 1693 1.
167 1645 331 1704 Ἀργος
360 1646 490 1701 ἄειδε,
520 1646 620 1700 θεοὶ,
649 1646 928 1699 πολυδίψιον,
960 1646 1087 1690 ἔνθεν
1115 1643 1311 1713 ἄνακτες.

108 1777 148 1816 2.
176 1773 329 1828 εἵματα
359 1771 497 1827 λυγροὶ
528 1769 677 1828 φέρων
705 1770 790 1815 σύν
817 1769 982 1825 'Aetium
1010 1770 1287 1826 κυανοχαίτῃ.

57 1920 238 1965 Margicae
253 1920 375 1965 fragm.
400 1921 432 1955 1.
456 1931 488 1952 v.
508 1919 596 1955 Plat.
618 1919 725 1955 Alcib.
752 1919 813 1955 alt.

14 1965 47 2010 §.
72 1969 126 2002 16.
161 1967 319 2010 Scriptor
342 1966 547 2000 Certaminis
577 1967 642 2001 sub
672 1966 747 2000 init.
771 1966 814 2001 de

15 2013 183 2047 Homero·
220 2011 458 2069 Κολοφώνιοι
489 2010 530 2046 δὲ
561 2012 624 2047 καὶ
655 2011 722 2048 τὸν
748 2011 812 2046 τό-

14 2070 83 2094 πον
120 2057 371 2101 δεικνύουσιν,
410 2057 449 2093 ἐν
483 2055 512 2102 ᾦ
549 2070 662 2103 φασιν
697 2056 816 2094 αὐτὸν

13 2103 207 2150 γράμματα
225 2103 448 2140 διδάσκοντα
462 2106 528 2148 τῆς
547 2104 729 2162 ποιήσεως
748 2118 814 2150 αρ-

14 2151 162 2197 ξασθαι,
185 2151 245 2186 καὶ
270 2151 426 2197 ποιῆσαι
448 2152 596 2194 πρῶτον
619 2150 686 2186 τὸν
704 2153 814 2196 Μαρ-

13 2199 127 2278 {giiiffi
156 2165 815 2287 ΙξῖἐΙεξίἒὲῗίεωέὲῐυέεῐξιτιέξαωὲἶοῗιίἔιξ,

15 2289 170 2334 Hannov.
197 2290 298 2334 1830,
321 2301 357 2336 p.
383 2289 463 2325 105.

48 2361 94 2392 2.
117 2369 153 2391 v.
178 2356 283 2392 Clem.
309 2359 408 2392 Alex.
431 2358 561 2393 Strom.
585 2359 640 2400 1.‚
675 2369 710 2404 p.
732 2359 814 2401 287,

15 2403 158 2439 aristot.
179 2403 269 2440 Mor.
294 2403 426 2439 Nicom.
451 2407 485 2447 6,
510 2407 543 2441 7.
567 2405 622 2439 ed.
629 2383 747 2444 ’,Οοικ

31 2473 94 2508 ’.3
118 2482 151 2505 v.
178 2470 292 2507 Schol.
314 2471 490 2526 Aristoph.
513 2472 620 2516 Pace,
644 2472 724 2507 914.
752 2472 815 2514 ita,

18 2520 56 2559 nt
77 2516 132 2551 hic
156 2516 307 2562 legitur,
330 2517 455 2561 primus
480 2518 588 2552 edidit
610 2499 816 2553 'Lindeman-

18 2569 79 2597 nus
99 2544 211 2608 Lyra:³
227 2565 259 2604 1,
271 2563 325 2597 82.
317 2587 339 2607 .,
362 2563 419 2607 qui
441 2564 532 2599 unde
551 2564 711 2598 sumserit
726 2575 816 2598 vers.

19 2610 60 2644 1.
66 2611 109 2644 et
130 2609 177 2650 3.
202 2609 332 2652 ignoro.
356 2608 510 2644 Nitzsch.
535 2610 557 2643 l.
583 2623 613 2644 c.
639 2610 817 2655 probabile

19 2664 92 2688 esse
119 2653 189 2695 ait,
223 2654 407 2698 Margitam
431 2654 659 2700 Colophonem
683 2666 817 2689 scenam

19 2698 219 2744 ineptiarum
243 2711 379 2734 suarum
403 2700 579 2742 habuisse,
612 2714 724 2747 eoque
756 2712 815 2736 ar-

20 2747 176 2790 gumento
200 2747 252 2780 ita
285 2757 362 2779 usos
389 2757 464 2779 esse
490 2746 740 2802 Colophonius,
773 2750 815 2781 ut

20 2790 186 2826 Stolidum
208 2791 321 2833 istum,
345 2791 469 2825 festive
493 2793 738 2846 concinnatum,
760 2793 814 2827 ci-

20 2839 95 2871 vem
117 2836 322 2883 acciperent,
345 2837 375 2871 si
398 2849 437 2871 eo
462 2837 615 2872 convicio
632 2840 814 2874 Homerum

21 2880 87 2916 sibi
108 2883 271 2918 redimere
300 2888 451 2937 possent.
498 2883 570 2925 „In
593 2885 717 2938 vulgus
751 2896 814 2918 no-

21 2932 89 2962 tum
121 2930 191 2970 est,
198 2931 222 2949 “
256 2929 386 2974 inquit,
423 2908 520 2975 „qui
540 2929 608 2963 viri
639 2938 675 2964 et
697 2930 814 2983 quales

22 2972 202 3018 Margitam
219 2975 359 3010 Homeri
389 2987 464 3009 esse
494 2976 706 3010 censuerint.
737 2975 815 3010 Ari-

63 3029 207 3068 Homssn.
228 3032 309 3067 Om
315 3043 359 3066 ss.
381 3031 444 3066 ΙΙΙ.

859 1924 939 1954 stot.
974 1917 1018 1952 de
1042 1919 1140 1952 Ροέι.
1172 1916 1207 1955 4.
1238 1923 1276 1953 et.
1304 1918 1399 1953 Zeno
1429 1916 1662 1963 philosophus,

859 1966 917 2011 qui
943 1970 980 1999 ut
1004 1965 1040 1998 in
1062 1965 1204 1998 Iliadem
1228 1971 1263 1998 et
1278 1964 1356 2010 Ody
1361 1975 1469 1998 sseam
1493 1975 1663 1998 commen-

860 2018 952 2046 tatus
987 2016 1060 2052 est,
1088 2011 1139 2044 ita
1169 2015 1205 2043 et
1238 2011 1281 2044 de
1316 2011 1468 2055 Margita
1501 2009 1661 2055 scripsit,

860 2057 950 2103 quod
974 2057 1032 2090 ubi
1056 2057 1164 2090 refert
1182 2056 1249 2090 Dio
1270 2056 1407 2100 Chrjs„
1423 2058 1456 2098 3,
1472 2056 1564 2097 554„
1587 2056 1663 2100 ipsa

862 2106 964 2136 (locet
986 2104 1157 2143 lectorem,
1183 2103 1248 2136 hoc
1272 2113 1407 2156 quoque
1430 2113 1565 2136 carmen
1588 2102 1664 2135 Ho-

858 2150 942 2183 meri
966 2160 1040 2182 esse
1063 2148 1228 2182 habitum.
1244 2147 1401 2202 ‘denique
1419 2147 1664 2181 Callimachum

857 2196 895 2230 id
920 2206 1037 2240 poema
1058 2194 1170 2238 magni
1187 2193 1314 2228 fecisse
1327 2199 1476 2228 testatur
1490 2193 1662 2237 Harpocr.

858 2240 1290 2286 v.MoeQyt'tr]3.Pig1-eti
1322 2239 1446 2273 leviter
1475 2239 1663 2273 attributus

857 2287 1017 2328 videtur,
1039 2287 1186 2320 fortasse
1212 2290 1355 2339 propter
1376 2296 1495 2319 versus
1517 2285 1662 2318 mixtos.

858 2345 936 2368 nam
959 2333 1069 2378 ipsum
1093 2343 1228 2366 carmen
1259 2331 1435 2376 antiquum
1458 2330 1665 2365 hexametris

857 2380 993 2424 junctos
1025 2378 1182 2412 habuisse
1221 2377 1371 2420 iambos,
1415 2388 1504 2411 nunc
1531 2381 1662 2410 certum

860 2425 1045 2458 habetur“
1071 2428 1136 2457 etc.
1162 2423 1348 2458 MontbeL:
1362 2442 1408 2448 —
1429 2422 1559 2464 „Selon
1582 2421 1662 2455 Ari-

861 2476 952 2504 stote
975 2469 1038 2513 (de
1060 2469 1157 2502 Poet.
1182 2481 1212 2505 c.
1238 2470 1294 2512 5.,
1319 2473 1346 2504 t.
1372 2470 1415 2511 5,
1439 2480 1474 2514 p.
1499 2469 1577 2502 202.
1605 2466 1660 2501 ed.

860 2516 958 2561 Bip.)
982 2515 1014 2548 le
1037 2514 1206 2560 Margites
1230 2516 1318 2549 §tait
1346 2527 1367 2548 a
1390 2515 1423 2548 la
1446 2512 1597 2548 comedie
1620 2523 1662 2546 ce

861 2574 926 2606 que
949 2561 1081 2594 l’lliade
1111 2566 1164 2595 est
1196 2573 1218 2595 a
1248 2561 1282 2595 la
1305 2559 1482 2604 tragedie3
1515 2560 1540 2592 il
1575 2557 1662 2592 etait

861 2608 949 2642 mele
965 2606 1125 2640 d'iambes
1149 2611 1185 2640 et
1207 2605 1492 2641 d'hexametresfl
1512 2603 1558 2640 cf.
1584 2614 1662 2638 anu.

863 2654 918 2689 14.
948 2653 991 2686 ad
1022 2652 1138 2687 Procli
1165 2652 1275 2686 Vitam
1299 2651 1450 2686 Homeri.
1474 2668 1520 2676 —-
1548 2650 1592 2692 3,
1625 2652 1659 2685 1.

862 2710 968 2744 aegre
990 2698 1064 2731 fero
1088 2699 1240 2752 copulam
1262 2698 1298 2731 in
1321 2697 1439 2732 verbis
1460 2694 1574 2752 γέρων
1597 2695 1660 2730 καὶ

857 2747 971 2784 θεῖος
994 2741 1051 2786 οἱ,
1084 2743 1264 2789 malimque
1294 2755 1374 2778 sane
1404 2741 1519 2787 γέρων
1543 2738 1595 2776 m'v
1617 2743 1658 2776 θ’.

858 2788 910 2832 οἱ,
932 2790 1007 2824 vel:
1030 2808 1076 2814 —
1099 2791 1312 2833 Κολοφιόα,
1343 2787 1511 2834 ἀγείρων,
1533 2790 1574 2822 θ.
1599 2783 1636 2822 οἱ.

907 2836 1101 2917 Ίέιεόαἶάοε
1122 2837 1244 2882 fragm.
1270 2839 1303 2871 1.
1327 2845 1362 2871 v.
1381 2834 1532 2868 Certam.
1557 2833 1656 2872 Hom.

859 2886 897 2917 et
959 2892 995 2916 es

905 2929 939 2963 Ξ.
963 2927 1066 2962 Paus.
1084 2928 1118 2972 8,
1134 2928 1190 2963 25.
1212 2925 1337 2961 dicitur
1356 2925 1539 2969 Adrastus,
1562 2922 1658 2965 The-

860 2974 913 3009 bis
936 2974 1083 3018 fugiens.
1261 3007 1263 3010 Α

1272 3021 1330 3062 24

1287 3162 1305 3169 Α
