<?xml version="1.0" encoding="UTF-8"?>
<!DOCTYPE html PUBLIC "-//W3C//DTD XHTML 1.0 Transitional//EN"
    "http://www.w3.org/TR/xhtml1/DTD/xhtml1-transitional.dtd">
<html xmlns="http://www.w3.org/1999/xhtml" xml:lang="en" lang="en">
 <head>
  <title>
</title>
<meta http-equiv="Content-Type" content="text/html;charset=utf-8" />
  <meta name='ocr-system' content='tesseract 3.04.00' />
  <meta name='ocr-capabilities' content='ocr_page ocr_carea ocr_par ocr_line ocrx_word'/>
</head>
<body>
  <div class='ocr_page' id='page_1' title='image "./carmina05home_0268.png"; bbox 0 0 1821 3288; ppageno 0'>
   <div class='ocr_carea' id='block_1_1' title="bbox 134 106 219 147">
    <p class='ocr_par' dir='ltr' id='par_1_1' title="bbox 134 106 219 147">
     <span class='ocr_line' id='line_1_1' title="bbox 134 106 219 147; baseline 0.012 -1"><span class='ocrx_word' id='word_1_1' title='bbox 134 106 219 147; x_wconf 72' lang='lat'><em>260</em></span> 
     </span>
    </p>
   </div>
   <div class='ocr_carea' id='block_1_2' title="bbox 542 106 1386 150">
    <p class='ocr_par' dir='ltr' id='par_1_2' title="bbox 542 106 1386 150">
     <span class='ocr_line' id='line_1_2' title="bbox 542 106 1386 150; baseline 0.002 -3"><span class='ocrx_word' id='word_1_2' title='bbox 542 106 1386 150; x_wconf 79' lang='lat' dir='ltr'><em>BATPAXOMYOMAXIA.</em></span> 
     </span>
    </p>
   </div>
   <div class='ocr_carea' id='block_1_3' title="bbox 172 214 1652 1800">
    <p class='ocr_par' dir='ltr' id='par_1_3' title="bbox 172 214 1639 1800">
     <span class='ocr_line' id='line_1_3' title="bbox 306 214 1393 273; baseline 0.002 -15"><span class='ocrx_word' id='word_1_3' title='bbox 306 215 353 258; x_wconf 82' lang='grc' dir='ltr'><em>ἐκ</em></span> <span class='ocrx_word' id='word_1_4' title='bbox 385 214 521 268; x_wconf 72' lang='grc' dir='ltr'><em>ῥινῶν</em></span> <span class='ocrx_word' id='word_1_5' title='bbox 551 215 715 269; x_wconf 84' lang='grc' dir='ltr'><em>ε’σταζε,</em></span> <span class='ocrx_word' id='word_1_6' title='bbox 746 215 991 259; x_wconf 78' lang='grc' dir='ltr'><em>παλάσσετο</em></span> <span class='ocrx_word' id='word_1_7' title='bbox 1025 214 1066 259; x_wconf 85' lang='lat'><em>6’</em></span> <span class='ocrx_word' id='word_1_8' title='bbox 1100 233 1247 270; x_wconf 88' lang='grc' dir='ltr'><em>αιματι</em></span> <span class='ocrx_word' id='word_1_9' title='bbox 1275 222 1393 273; x_wconf 88' lang='grc' dir='ltr'><em>γαῖα.</em></span> 
     </span>
     <span class='ocr_line' id='line_1_4' title="bbox 304 271 1483 342; baseline 0.003 -28"><span class='ocrx_word' id='word_1_10' title='bbox 304 274 565 326; x_wconf 82' lang='grc' dir='ltr'><em>Λειχοπίναξ</em></span> <span class='ocrx_word' id='word_1_11' title='bbox 595 272 632 314; x_wconf 91' lang='lat'><em>6’</em></span> <span class='ocrx_word' id='word_1_12' title='bbox 663 273 849 316; x_wconf 79' lang='grc' dir='ltr'><em>ἔκτεινεν</em></span> <span class='ocrx_word' id='word_1_13' title='bbox 881 271 1087 340; x_wconf 80' lang='grc' dir='ltr'><em>ἀμύμονα</em></span> <span class='ocrx_word' id='word_1_14' title='bbox 1118 276 1483 342; x_wconf 84' lang='grc' dir='ltr'><em>Βορβοροκοίτην,</em></span> 
     </span>
     <span class='ocr_line' id='line_1_5' title="bbox 302 327 1353 382; baseline 0.003 -12"><span class='ocrx_word' id='word_1_15' title='bbox 302 328 413 382; x_wconf 75' lang='grc' dir='ltr'><em>ἔγχει</em></span> <span class='ocrx_word' id='word_1_16' title='bbox 444 329 640 380; x_wconf 23' lang='grc' dir='ltr'><em>ἐπαῖἪξας</em></span> <span class='ocrx_word' id='word_1_17' title='bbox 671 329 750 371; x_wconf 84' lang='grc' dir='ltr'><em>τόν</em></span> <span class='ocrx_word' id='word_1_18' title='bbox 781 328 826 372; x_wconf 80' lang='grc' dir='ltr'><em>δὲ</em></span> <span class='ocrx_word' id='word_1_19' title='bbox 857 327 1012 379; x_wconf 77' lang='grc' dir='ltr'><strong><em>σκότος</em></strong></span> <span class='ocrx_word' id='word_1_20' title='bbox 1045 329 1146 372; x_wconf 85' lang='grc' dir='ltr'><em>ὄσσε</em></span> <span class='ocrx_word' id='word_1_21' title='bbox 1174 330 1353 381; x_wconf 80' lang='grc' dir='ltr'><em>κάλυψε,</em></span> 
     </span>
     <span class='ocr_line' id='line_1_6' title="bbox 302 383 1522 446; baseline 0.005 -20"><span class='ocrx_word' id='word_1_22' title='bbox 302 385 522 439; x_wconf 75' lang='grc' dir='ltr'><em>δούπησεν</em></span> <span class='ocrx_word' id='word_1_23' title='bbox 554 386 598 428; x_wconf 80' lang='grc' dir='ltr'><em>ὁὲ</em></span> <span class='ocrx_word' id='word_1_24' title='bbox 626 385 790 435; x_wconf 76' lang='grc' dir='ltr'><em>πεσών,</em></span> <span class='ocrx_word' id='word_1_25' title='bbox 832 383 1024 440; x_wconf 86' lang='grc' dir='ltr'><em>άράβησε</em></span> <span class='ocrx_word' id='word_1_26' title='bbox 1054 386 1100 429; x_wconf 80' lang='grc' dir='ltr'><em>ὁὲ</em></span> <span class='ocrx_word' id='word_1_27' title='bbox 1129 384 1269 441; x_wconf 86' lang='grc' dir='ltr'><em>τεύχε’</em></span> <span class='ocrx_word' id='word_1_28' title='bbox 1300 386 1359 429; x_wconf 71' lang='grc' dir='ltr'><em>ἐπ’</em></span> <span class='ocrx_word' id='word_1_29' title='bbox 1391 386 1522 446; x_wconf 78' lang='grc' dir='ltr'><em>αὐτῷ</em></span> 
     </span>
     <span class='ocr_line' id='line_1_7' title="bbox 188 434 1652 512; baseline 0.002 -28"><span class='ocrx_word' id='word_1_30' title='bbox 188 443 272 486; x_wconf 80' lang='grc'><em>235</em></span> <span class='ocrx_word' id='word_1_31' title='bbox 304 442 640 510; x_wconf 80' lang='grc' dir='ltr'><em>Πρασσοφάγος</em></span> <span class='ocrx_word' id='word_1_32' title='bbox 665 439 708 484; x_wconf 93' lang='lat'><em>6&#39;</em></span> <span class='ocrx_word' id='word_1_33' title='bbox 740 441 899 484; x_wconf 78' lang='grc' dir='ltr'><em>ἐσιδών</em></span> <span class='ocrx_word' id='word_1_34' title='bbox 927 441 1066 510; x_wconf 71' lang='lat' dir='ltr'>n0665·</span> <span class='ocrx_word' id='word_1_35' title='bbox 1097 443 1248 485; x_wconf 79' lang='grc' dir='ltr'><em>ἕλκυσε</em></span> <span class='ocrx_word' id='word_1_36' title='bbox 1280 434 1652 512; x_wconf 76' lang='grc' dir='ltr'><em>Κνισσοδιιόκτην,</em></span> 
     </span>
     <span class='ocr_line' id='line_1_8' title="bbox 302 496 1445 569; baseline 0.003 -29"><span class='ocrx_word' id='word_1_37' title='bbox 302 497 348 540; x_wconf 78' lang='grc' dir='ltr'><em>ἐν</em></span> <span class='ocrx_word' id='word_1_38' title='bbox 380 499 508 554; x_wconf 80' lang='grc' dir='ltr'><em>λίμνῃ</em></span> <span class='ocrx_word' id='word_1_39' title='bbox 540 497 582 541; x_wconf 84' lang='lat'><em>6²</em></span> <span class='ocrx_word' id='word_1_40' title='bbox 603 496 840 569; x_wconf 46' lang='grc' dir='ltr'><em>άπέπνιηξε,</em></span> <span class='ocrx_word' id='word_1_41' title='bbox 870 498 1087 567; x_wconf 76' lang='grc' dir='ltr'><em>κρατήσας</em></span> <span class='ocrx_word' id='word_1_42' title='bbox 1116 500 1223 554; x_wconf 85' lang='grc' dir='ltr'><em>χειρὶ</em></span> <span class='ocrx_word' id='word_1_43' title='bbox 1253 500 1445 544; x_wconf 81' lang='grc' dir='ltr'><em>τένοντα.</em></span> 
     </span>
     <span class='ocr_line' id='line_1_9' title="bbox 254 552 1419 610; baseline 0.003 -14"><span class='ocrx_word' id='word_1_44' title='bbox 254 555 273 575; x_wconf 79' lang='grc'>*</span> <span class='ocrx_word' id='word_1_45' title='bbox 310 555 538 609; x_wconf 77' lang='grc' dir='ltr'><em>Ψιχάρπαξ</em></span> <span class='ocrx_word' id='word_1_46' title='bbox 570 553 613 596; x_wconf 84' lang='grc' dir='ltr'><em>δ’</em></span> <span class='ocrx_word' id='word_1_47' title='bbox 642 552 780 608; x_wconf 81' lang='grc' dir='ltr'><em>ἤμυν’</em></span> <span class='ocrx_word' id='word_1_48' title='bbox 813 554 982 607; x_wconf 76' lang='grc' dir='ltr'><em>ἑτάρων</em></span> <span class='ocrx_word' id='word_1_49' title='bbox 1014 556 1116 608; x_wconf 85' lang='grc' dir='ltr'><em>πέρι</em></span> <span class='ocrx_word' id='word_1_50' title='bbox 1145 555 1419 610; x_wconf 83' lang='grc' dir='ltr'><em>τεθνηωτων,</em></span> 
     </span>
     <span class='ocr_line' id='line_1_10' title="bbox 254 610 1372 682; baseline 0 -28"><span class='ocrx_word' id='word_1_51' title='bbox 254 612 275 634; x_wconf 88' lang='lat'><em>*</em></span> <span class='ocrx_word' id='word_1_52' title='bbox 304 612 379 654; x_wconf 85' lang='grc' dir='ltr'><em>καὶ</em></span> <span class='ocrx_word' id='word_1_53' title='bbox 409 611 513 665; x_wconf 90' lang='grc' dir='ltr'><em>βάλε</em></span> <span class='ocrx_word' id='word_1_54' title='bbox 545 610 801 670; x_wconf 75' lang='grc' dir='ltr'><em>Πηλούσιον</em></span> <span class='ocrx_word' id='word_1_55' title='bbox 830 611 958 666; x_wconf 83' lang='grc' dir='ltr'><em>μήπω</em></span> <span class='ocrx_word' id='word_1_56' title='bbox 971 614 1115 682; x_wconf 88' lang='grc' dir='ltr'><em>γαίης</em></span> <span class='ocrx_word' id='word_1_57' title='bbox 1141 611 1372 666; x_wconf 77' lang='grc' dir='ltr'><em>ἐπιβάντα·</em></span> 
     </span>
     <span class='ocr_line' id='line_1_11' title="bbox 299 665 1486 724; baseline 0.002 -14"><span class='ocrx_word' id='word_1_58' title='bbox 299 669 424 710; x_wconf 88' lang='grc' dir='ltr'><em>πίπτε</em></span> <span class='ocrx_word' id='word_1_59' title='bbox 456 667 501 710; x_wconf 80' lang='grc' dir='ltr'><em>δὲ</em></span> <span class='ocrx_word' id='word_1_60' title='bbox 532 665 575 709; x_wconf 82' lang='grc' dir='ltr'><em>οἷ</em></span> <span class='ocrx_word' id='word_1_61' title='bbox 604 667 832 720; x_wconf 76' lang='grc' dir='ltr'><em>πρόσθεν,</em></span> <span class='ocrx_word' id='word_1_62' title='bbox 863 667 980 723; x_wconf 80' lang='grc' dir='ltr'><em>ψυχή</em></span> <span class='ocrx_word' id='word_1_63' title='bbox 1013 668 1058 711; x_wconf 84' lang='grc' dir='ltr'><em>δ’</em></span> <span class='ocrx_word' id='word_1_64' title='bbox 1091 667 1268 711; x_wconf 80' lang='grc' dir='ltr'><em>άϊδόσδε</em></span> <span class='ocrx_word' id='word_1_65' title='bbox 1299 668 1486 724; x_wconf 80' lang='grc' dir='ltr'><em>βεβήκει</em></span> 
     </span>
     <span class='ocr_line' id='line_1_12' title="bbox 185 723 1605 795; baseline 0.001 -27"><span class='ocrx_word' id='word_1_66' title='bbox 185 725 267 769; x_wconf 81' lang='grc'><em>240</em></span> <span class='ocrx_word' id='word_1_67' title='bbox 301 723 559 794; x_wconf 84' lang='grc' dir='ltr'><em>Πηλοβάτης</em></span> <span class='ocrx_word' id='word_1_68' title='bbox 589 723 630 767; x_wconf 84' lang='grc' dir='ltr'><em>δ’</em></span> <span class='ocrx_word' id='word_1_69' title='bbox 663 723 820 767; x_wconf 74' lang='grc' dir='ltr'><em>εσιδών</em></span> <span class='ocrx_word' id='word_1_70' title='bbox 850 728 995 795; x_wconf 81' lang='grc' dir='ltr'><em>πηλοῦ</em></span> <span class='ocrx_word' id='word_1_71' title='bbox 1025 725 1167 778; x_wconf 79' lang='grc' dir='ltr'><em>δράκα</em></span> <span class='ocrx_word' id='word_1_72' title='bbox 1198 726 1325 778; x_wconf 76' lang='grc' dir='ltr'><em>ῥίψεν</em></span> <span class='ocrx_word' id='word_1_73' title='bbox 1356 725 1422 767; x_wconf 78' lang='grc' dir='ltr'><em>ἐπ’</em></span> <span class='ocrx_word' id='word_1_74' title='bbox 1454 723 1605 778; x_wconf 76' lang='grc' dir='ltr'><em>αὐτὸν,</em></span> 
     </span>
     <span class='ocr_line' id='line_1_13' title="bbox 297 780 1593 849; baseline 0.003 -27"><span class='ocrx_word' id='word_1_75' title='bbox 297 781 371 822; x_wconf 85' lang='grc' dir='ltr'><em>καὶ</em></span> <span class='ocrx_word' id='word_1_76' title='bbox 401 780 449 825; x_wconf 79' lang='grc' dir='ltr'><em>τό</em></span> <span class='ocrx_word' id='word_1_77' title='bbox 484 781 683 834; x_wconf 86' lang='grc' dir='ltr'><em>μέτωπον</em></span> <span class='ocrx_word' id='word_1_78' title='bbox 713 780 873 849; x_wconf 78' lang='grc' dir='ltr'><em>ἔχρισε,</em></span> <span class='ocrx_word' id='word_1_79' title='bbox 904 781 977 824; x_wconf 79' lang='grc' dir='ltr'><em>καὶ</em></span> <span class='ocrx_word' id='word_1_80' title='bbox 1008 781 1244 836; x_wconf 80' lang='grc' dir='ltr'><em>ἐξετύφλου</em></span> <span class='ocrx_word' id='word_1_81' title='bbox 1274 781 1395 834; x_wconf 83' lang='grc' dir='ltr'><em>παρὰ</em></span> <span class='ocrx_word' id='word_1_82' title='bbox 1424 783 1593 837; x_wconf 89' lang='grc' dir='ltr'><em>μικρόν.</em></span> 
     </span>
     <span class='ocr_line' id='line_1_14' title="bbox 297 836 1494 908; baseline 0.001 -28"><span class='ocrx_word' id='word_1_83' title='bbox 297 838 490 892; x_wconf 75' lang='grc' dir='ltr'><em>θυμώθη</em></span> <span class='ocrx_word' id='word_1_84' title='bbox 521 837 569 879; x_wconf 92' lang='lat'><em>6’</em></span> <span class='ocrx_word' id='word_1_85' title='bbox 600 836 686 891; x_wconf 87' lang='grc' dir='ltr'><em>α’ρα</em></span> <span class='ocrx_word' id='word_1_86' title='bbox 713 843 883 888; x_wconf 84' lang='grc' dir='ltr'><em>κεῖνος,</em></span> <span class='ocrx_word' id='word_1_87' title='bbox 912 837 1023 881; x_wconf 74' lang='grc' dir='ltr'><em>ἔλων</em></span> <span class='ocrx_word' id='word_1_88' title='bbox 1055 839 1098 880; x_wconf 81' lang='grc' dir='ltr'><em>δέ</em></span> <span class='ocrx_word' id='word_1_89' title='bbox 1128 852 1172 881; x_wconf 91' lang='grc' dir='ltr'><em>τε</em></span> <span class='ocrx_word' id='word_1_90' title='bbox 1202 839 1311 893; x_wconf 84' lang='grc' dir='ltr'><em>χειρὶ</em></span> <span class='ocrx_word' id='word_1_91' title='bbox 1341 840 1494 908; x_wconf 82' lang='grc' dir='ltr'><em>παχείῃ</em></span> 
     </span>
     <span class='ocr_line' id='line_1_15' title="bbox 296 893 1535 964; baseline 0.002 -28"><span class='ocrx_word' id='word_1_92' title='bbox 296 896 498 948; x_wconf 88' lang='grc' dir='ltr'><em>κείμενον</em></span> <span class='ocrx_word' id='word_1_93' title='bbox 522 893 569 937; x_wconf 81' lang='grc' dir='ltr'><em>ἐν</em></span> <span class='ocrx_word' id='word_1_94' title='bbox 597 896 731 950; x_wconf 84' lang='grc' dir='ltr'><em>πεδίῳ</em></span> <span class='ocrx_word' id='word_1_95' title='bbox 762 896 892 938; x_wconf 78' lang='grc' dir='ltr'><em>λιθον</em></span> <span class='ocrx_word' id='word_1_96' title='bbox 900 894 1131 964; x_wconf 81' lang='grc' dir='ltr'><em>ὄβριμον,</em></span> <span class='ocrx_word' id='word_1_97' title='bbox 1162 894 1298 950; x_wconf 77' lang='grc' dir='ltr'><em>ἀχθος</em></span> <span class='ocrx_word' id='word_1_98' title='bbox 1328 894 1535 949; x_wconf 72' lang='grc' dir='ltr'><em>ἀρούρης,</em></span> 
     </span>
     <span class='ocr_line' id='line_1_16' title="bbox 296 940 1606 1022; baseline 0.002 -30"><span class='ocrx_word' id='word_1_99' title='bbox 296 953 357 1007; x_wconf 78' lang='grc' dir='ltr'><em>τῷ</em></span> <span class='ocrx_word' id='word_1_100' title='bbox 391 951 496 1004; x_wconf 83' lang='grc' dir='ltr'><em>βάλε</em></span> <span class='ocrx_word' id='word_1_101' title='bbox 530 940 792 1021; x_wconf 82' lang='grc' dir='ltr'><em>Πηλοβάτην</em></span> <span class='ocrx_word' id='word_1_102' title='bbox 820 949 909 994; x_wconf 77' lang='grc' dir='ltr'><em>ὑπὸ</em></span> <span class='ocrx_word' id='word_1_103' title='bbox 929 952 1156 1022; x_wconf 77' lang='grc' dir='ltr'><em>γούνατα·</em></span> <span class='ocrx_word' id='word_1_104' title='bbox 1188 957 1307 994; x_wconf 82' lang='grc' dir='ltr'><em>πᾶσα</em></span> <span class='ocrx_word' id='word_1_105' title='bbox 1339 951 1384 994; x_wconf 86' lang='lat'><em>6&#39;</em></span> <span class='ocrx_word' id='word_1_106' title='bbox 1415 951 1606 1008; x_wconf 80' lang='grc' dir='ltr'><em>ἐκλάσθη</em></span> 
     </span>
     <span class='ocr_line' id='line_1_17' title="bbox 182 1005 1366 1077; baseline 0.003 -29"><span class='ocrx_word' id='word_1_107' title='bbox 182 1006 264 1051; x_wconf 80' lang='lat'><em>245</em></span> <span class='ocrx_word' id='word_1_108' title='bbox 295 1005 438 1062; x_wconf 82' lang='grc' dir='ltr'><em>κνήμη</em></span> <span class='ocrx_word' id='word_1_109' title='bbox 470 1008 683 1062; x_wconf 79' lang='grc' dir='ltr'><em>δεξιτερή,</em></span> <span class='ocrx_word' id='word_1_110' title='bbox 715 1008 816 1077; x_wconf 85' lang='grc' dir='ltr'><em>πέσε</em></span> <span class='ocrx_word' id='word_1_111' title='bbox 849 1007 890 1051; x_wconf 83' lang='grc' dir='ltr'><em>δ’</em></span> <span class='ocrx_word' id='word_1_112' title='bbox 920 1008 1077 1058; x_wconf 77' lang='grc' dir='ltr'><em>ὕπτιος</em></span> <span class='ocrx_word' id='word_1_113' title='bbox 1106 1008 1154 1051; x_wconf 79' lang='grc' dir='ltr'><em>ἐν</em></span> <span class='ocrx_word' id='word_1_114' title='bbox 1182 1011 1366 1065; x_wconf 75' lang='grc' dir='ltr'><em>κονίῃσι</em></span> 
     </span>
     <span class='ocr_line' id='line_1_18' title="bbox 293 1063 1581 1134; baseline 0.002 -29"><span class='ocrx_word' id='word_1_115' title='bbox 293 1066 604 1132; x_wconf 82' lang='grc' dir='ltr'><em>Κραυγασίδης</em></span> <span class='ocrx_word' id='word_1_116' title='bbox 637 1063 678 1107; x_wconf 85' lang='grc' dir='ltr'><em>δ’</em></span> <span class='ocrx_word' id='word_1_117' title='bbox 710 1063 881 1133; x_wconf 89' lang='grc' dir='ltr'><em>η’μυνε,</em></span> <span class='ocrx_word' id='word_1_118' title='bbox 902 1065 975 1107; x_wconf 86' lang='grc' dir='ltr'><em>καὶ</em></span> <span class='ocrx_word' id='word_1_119' title='bbox 1006 1068 1128 1115; x_wconf 84' lang='grc' dir='ltr'><em>αὐτις</em></span> <span class='ocrx_word' id='word_1_120' title='bbox 1157 1068 1318 1134; x_wconf 87' lang='grc' dir='ltr'><em>βαῖνεν</em></span> <span class='ocrx_word' id='word_1_121' title='bbox 1338 1063 1401 1108; x_wconf 81' lang='grc' dir='ltr'><em>ἐπ’</em></span> <span class='ocrx_word' id='word_1_122' title='bbox 1432 1063 1581 1116; x_wconf 80' lang='grc' dir='ltr'><em>αυτὸν,</em></span> 
     </span>
     <span class='ocr_line' id='line_1_19' title="bbox 291 1120 1537 1191; baseline 0.002 -29"><span class='ocrx_word' id='word_1_123' title='bbox 291 1120 402 1170; x_wconf 82' lang='grc' dir='ltr'><em>τύψε</em></span> <span class='ocrx_word' id='word_1_124' title='bbox 432 1121 477 1164; x_wconf 80' lang='grc' dir='ltr'><em>δέ</em></span> <span class='ocrx_word' id='word_1_125' title='bbox 509 1122 551 1163; x_wconf 84' lang='grc' dir='ltr'><em>οἱ</em></span> <span class='ocrx_word' id='word_1_126' title='bbox 584 1121 747 1175; x_wconf 86' lang='grc' dir='ltr'><em>μέσσην</em></span> <span class='ocrx_word' id='word_1_127' title='bbox 776 1137 888 1164; x_wconf 83' lang='grc' dir='ltr'><em>κατα</em></span> <span class='ocrx_word' id='word_1_128' title='bbox 917 1123 1129 1191; x_wconf 76' lang='grc' dir='ltr'><em>γαστέρα</em></span> <span class='ocrx_word' id='word_1_129' title='bbox 1159 1127 1243 1171; x_wconf 80' lang='grc' dir='ltr'><em>πᾶς</em></span> <span class='ocrx_word' id='word_1_130' title='bbox 1273 1121 1320 1165; x_wconf 81' lang='grc' dir='ltr'><em>δέ</em></span> <span class='ocrx_word' id='word_1_131' title='bbox 1349 1138 1406 1165; x_wconf 90' lang='grc' dir='ltr'><em>νυ</em></span> <span class='ocrx_word' id='word_1_132' title='bbox 1437 1123 1537 1164; x_wconf 86' lang='grc' dir='ltr'><em>ε’ίσω</em></span> 
     </span>
     <span class='ocr_line' id='line_1_20' title="bbox 292 1175 1375 1246; baseline 0.003 -28"><span class='ocrx_word' id='word_1_133' title='bbox 292 1175 546 1231; x_wconf 82' lang='grc' dir='ltr'><em>ὄξύσχοινος</em></span> <span class='ocrx_word' id='word_1_134' title='bbox 576 1177 721 1226; x_wconf 81' lang='grc' dir='ltr'><em>ε’δυνε,</em></span> <span class='ocrx_word' id='word_1_135' title='bbox 753 1177 886 1246; x_wconf 89' lang='grc' dir='ltr'><em>χαμαὶ</em></span> <span class='ocrx_word' id='word_1_136' title='bbox 916 1175 958 1220; x_wconf 85' lang='grc' dir='ltr'><em>δ’</em></span> <span class='ocrx_word' id='word_1_137' title='bbox 992 1178 1171 1233; x_wconf 88' lang='grc' dir='ltr'><em>ε’κχυντο</em></span> <span class='ocrx_word' id='word_1_138' title='bbox 1203 1195 1375 1221; x_wconf 74' lang='grc' dir='ltr'><em>απαιτοι</em></span> 
     </span>
     <span class='ocr_line' id='line_1_21' title="bbox 291 1232 1416 1305; baseline 0.001 -30"><span class='ocrx_word' id='word_1_139' title='bbox 291 1232 438 1285; x_wconf 80' lang='grc' dir='ltr'><em>ε”γκατ</em></span> <span class='ocrx_word' id='word_1_140' title='bbox 461 1233 744 1305; x_wconf 77' lang='grc' dir='ltr'><em>ἐφελκομένῳ</em></span> <span class='ocrx_word' id='word_1_141' title='bbox 774 1232 862 1276; x_wconf 76' lang='grc' dir='ltr'><em>ὑπὸ</em></span> <span class='ocrx_word' id='word_1_142' title='bbox 895 1232 1079 1287; x_wconf 79' lang='grc' dir='ltr'><em>δούρατι</em></span> <span class='ocrx_word' id='word_1_143' title='bbox 1111 1236 1221 1289; x_wconf 82' lang='grc' dir='ltr'><em>χειρὶ</em></span> <span class='ocrx_word' id='word_1_144' title='bbox 1249 1236 1416 1290; x_wconf 81' lang='grc' dir='ltr'><em>παχείῃ</em></span> 
     </span>
     <span class='ocr_line' id='line_1_22' title="bbox 180 1288 1470 1362; baseline 0.001 -31"><span class='ocrx_word' id='word_1_145' title='bbox 180 1290 264 1332; x_wconf 81' lang='lat'><em>250</em></span> <span class='ocrx_word' id='word_1_146' title='bbox 295 1289 551 1361; x_wconf 69' lang='grc' dir='ltr'><em>Σιτοφάγος</em></span> <span class='ocrx_word' id='word_1_147' title='bbox 581 1289 625 1333; x_wconf 87' lang='lat'><em>6&#39;</em></span> <span class='ocrx_word' id='word_1_148' title='bbox 639 1323 650 1342; x_wconf 92' lang='lat'><strong><em>‚</em></strong></span> <span class='ocrx_word' id='word_1_149' title='bbox 683 1288 741 1341; x_wconf 70' lang='grc' dir='ltr'><em>ὥς</em></span> <span class='ocrx_word' id='word_1_150' title='bbox 770 1288 884 1333; x_wconf 81' lang='grc' dir='ltr'><em>εἶδεν</em></span> <span class='ocrx_word' id='word_1_151' title='bbox 913 1289 986 1332; x_wconf 79' lang='grc' dir='ltr'><em>ἐπ’</em></span> <span class='ocrx_word' id='word_1_152' title='bbox 1021 1290 1207 1346; x_wconf 75' lang='grc' dir='ltr'><em>ὄχθῃσιν</em></span> <span class='ocrx_word' id='word_1_153' title='bbox 1238 1294 1470 1362; x_wconf 83' lang='grc' dir='ltr'><em>ποταμοῖο,</em></span> 
     </span>
     <span class='ocr_line' id='line_1_23' title="bbox 292 1344 1501 1402; baseline 0.001 -14"><span class='ocrx_word' id='word_1_154' title='bbox 292 1344 465 1398; x_wconf 79' lang='grc' dir='ltr'><em>σκάζων</em></span> <span class='ocrx_word' id='word_1_155' title='bbox 496 1347 543 1390; x_wconf 80' lang='grc' dir='ltr'><em>ἐκ</em></span> <span class='ocrx_word' id='word_1_156' title='bbox 571 1347 766 1401; x_wconf 83' lang='grc' dir='ltr'><em>πολέμου</em></span> <span class='ocrx_word' id='word_1_157' title='bbox 796 1345 1018 1401; x_wconf 79' lang='grc' dir='ltr'><em>ἀνεχάζετο</em></span> <span class='ocrx_word' id='word_1_158' title='bbox 1048 1348 1230 1402; x_wconf 83' lang='grc' dir='ltr'><em>(τείρετο</em></span> <span class='ocrx_word' id='word_1_159' title='bbox 1261 1345 1304 1389; x_wconf 86' lang='grc' dir='ltr'><em>δ’</em></span> <span class='ocrx_word' id='word_1_160' title='bbox 1337 1349 1501 1401; x_wconf 83' lang='grc' dir='ltr'><em>αἰνως),</em></span> 
     </span>
     <span class='ocr_line' id='line_1_24' title="bbox 285 1401 1551 1459; baseline 0 -14"><span class='ocrx_word' id='word_1_161' title='bbox 285 1401 422 1457; x_wconf 77' lang='grc' dir='ltr'><em>ἥλατο</em></span> <span class='ocrx_word' id='word_1_162' title='bbox 461 1402 503 1446; x_wconf 82' lang='grc' dir='ltr'><em>δ’</em></span> <span class='ocrx_word' id='word_1_163' title='bbox 535 1403 576 1454; x_wconf 78' lang='grc' dir='ltr'><em>ἐς</em></span> <span class='ocrx_word' id='word_1_164' title='bbox 605 1404 800 1457; x_wconf 87' lang='grc' dir='ltr'><em>τάφρον,</em></span> <span class='ocrx_word' id='word_1_165' title='bbox 831 1403 983 1454; x_wconf 83' lang='grc' dir='ltr'><em>ὅππως</em></span> <span class='ocrx_word' id='word_1_166' title='bbox 1013 1404 1151 1459; x_wconf 83' lang='grc' dir='ltr'><em>φύγοι</em></span> <span class='ocrx_word' id='word_1_167' title='bbox 1182 1404 1316 1447; x_wconf 79' lang='grc' dir='ltr'><em>αἰπύν</em></span> <span class='ocrx_word' id='word_1_168' title='bbox 1348 1404 1551 1457; x_wconf 78' lang='grc' dir='ltr'><em>ὄλεθρον.</em></span> 
     </span>
     <span class='ocr_line' id='line_1_25' title="bbox 292 1458 1550 1531; baseline 0.002 -30"><span class='ocrx_word' id='word_1_169' title='bbox 292 1459 549 1518; x_wconf 81' lang='grc' dir='ltr'><em>Τρωξάρτης</em></span> <span class='ocrx_word' id='word_1_170' title='bbox 579 1459 628 1503; x_wconf 86' lang='grc' dir='ltr'><em>δ’</em></span> <span class='ocrx_word' id='word_1_171' title='bbox 661 1461 812 1531; x_wconf 71' lang='grc' dir='ltr'><em>ἔβαλεν</em></span> <span class='ocrx_word' id='word_1_172' title='bbox 844 1462 1129 1514; x_wconf 78' lang='grc' dir='ltr'><em>Φυσίγναθον</em></span> <span class='ocrx_word' id='word_1_173' title='bbox 1158 1460 1200 1512; x_wconf 79' lang='grc' dir='ltr'><em>ἐς</em></span> <span class='ocrx_word' id='word_1_174' title='bbox 1229 1458 1366 1511; x_wconf 80' lang='grc' dir='ltr'><em>ποδὸς</em></span> <span class='ocrx_word' id='word_1_175' title='bbox 1397 1460 1550 1515; x_wconf 76' lang='grc' dir='ltr'><em>ἄκρον.</em></span> 
     </span>
     <span class='ocr_line' id='line_1_26' title="bbox 287 1511 1412 1588; baseline 0.001 -30"><span class='ocrx_word' id='word_1_176' title='bbox 287 1511 398 1568; x_wconf 74' lang='grc' dir='ltr'><em>[ὦκα</em></span> <span class='ocrx_word' id='word_1_177' title='bbox 429 1517 475 1559; x_wconf 79' lang='grc' dir='ltr'><em>δὲ</em></span> <span class='ocrx_word' id='word_1_178' title='bbox 502 1515 752 1570; x_wconf 85' lang='grc' dir='ltr'><em>τειρόμενος</em></span> <span class='ocrx_word' id='word_1_179' title='bbox 781 1516 824 1566; x_wconf 74' lang='grc' dir='ltr'><em>ἐς</em></span> <span class='ocrx_word' id='word_1_180' title='bbox 853 1518 1010 1588; x_wconf 85' lang='grc' dir='ltr'><em>λίμνην</em></span> <span class='ocrx_word' id='word_1_181' title='bbox 1038 1516 1171 1572; x_wconf 75' lang='grc' dir='ltr'><em>ἣλατο</em></span> <span class='ocrx_word' id='word_1_182' title='bbox 1203 1516 1412 1572; x_wconf 64' lang='grc' dir='ltr'><em>φεύγων]</em></span> 
     </span>
     <span class='ocr_line' id='line_1_27' title="bbox 172 1571 1557 1630; baseline 0.002 -17"><span class='ocrx_word' id='word_1_183' title='bbox 172 1571 255 1616; x_wconf 77' lang='lat'><em>255</em></span> <span class='ocrx_word' id='word_1_184' title='bbox 285 1575 545 1630; x_wconf 86' lang='grc' dir='ltr'><em>Πρασσαῖος</em></span> <span class='ocrx_word' id='word_1_185' title='bbox 582 1573 641 1624; x_wconf 87' lang='grc' dir='ltr'><em>δ’,</em></span> <span class='ocrx_word' id='word_1_186' title='bbox 673 1589 732 1622; x_wconf 85' lang='grc' dir='ltr'><em>ως</em></span> <span class='ocrx_word' id='word_1_187' title='bbox 764 1571 877 1616; x_wconf 78' lang='grc' dir='ltr'><em>εἶδεν</em></span> <span class='ocrx_word' id='word_1_188' title='bbox 910 1573 980 1615; x_wconf 77' lang='grc' dir='ltr'><em>ἔθ’</em></span> <span class='ocrx_word' id='word_1_189' title='bbox 1011 1573 1235 1628; x_wconf 81' lang='grc' dir='ltr'><em>ἡμίπνουν</em></span> <span class='ocrx_word' id='word_1_190' title='bbox 1263 1572 1557 1627; x_wconf 86' lang='grc' dir='ltr'><em>προπεσόντα,</em></span> 
     </span>
     <span class='ocr_line' id='line_1_28' title="bbox 283 1628 1475 1699; baseline 0.002 -28"><span class='ocrx_word' id='word_1_191' title='bbox 283 1631 392 1699; x_wconf 80' lang='grc' dir='ltr'><em>ηλθε</em></span> <span class='ocrx_word' id='word_1_192' title='bbox 423 1630 496 1672; x_wconf 81' lang='grc' dir='ltr'><em>διὰ</em></span> <span class='ocrx_word' id='word_1_193' title='bbox 526 1628 786 1684; x_wconf 84' lang='grc' dir='ltr'><em>προμάχων,</em></span> <span class='ocrx_word' id='word_1_194' title='bbox 818 1629 891 1672; x_wconf 84' lang='grc' dir='ltr'><em>καὶ</em></span> <span class='ocrx_word' id='word_1_195' title='bbox 921 1628 1147 1672; x_wconf 73' lang='grc' dir='ltr'><em>ἀκόντισεν</em></span> <span class='ocrx_word' id='word_1_196' title='bbox 1176 1629 1266 1680; x_wconf 77' lang='grc' dir='ltr'><em>ὀξέι·</em></span> <span class='ocrx_word' id='word_1_197' title='bbox 1295 1632 1475 1699; x_wconf 81' lang='grc' dir='ltr'><em>σχοίνῳ·</em></span> 
     </span>
     <span class='ocr_line' id='line_1_29' title="bbox 286 1683 1538 1741; baseline 0.001 -13"><span class='ocrx_word' id='word_1_198' title='bbox 286 1683 388 1728; x_wconf 86' lang='grc' dir='ltr'><em>οὐδ’</em></span> <span class='ocrx_word' id='word_1_199' title='bbox 422 1686 571 1740; x_wconf 81' lang='grc' dir='ltr'><em>ε’ρρηξε</em></span> <span class='ocrx_word' id='word_1_200' title='bbox 604 1685 757 1736; x_wconf 85' lang='grc' dir='ltr'><em>σάκος,</em></span> <span class='ocrx_word' id='word_1_201' title='bbox 788 1687 910 1740; x_wconf 86' lang='grc' dir='ltr'><em>σχέτο</em></span> <span class='ocrx_word' id='word_1_202' title='bbox 942 1685 984 1728; x_wconf 85' lang='grc' dir='ltr'><em>δ’</em></span> <span class='ocrx_word' id='word_1_203' title='bbox 1016 1685 1154 1728; x_wconf 83' lang='grc' dir='ltr'><em>αὐτοῦ</em></span> <span class='ocrx_word' id='word_1_204' title='bbox 1185 1686 1345 1740; x_wconf 86' lang='grc' dir='ltr'><em>δουρὸς</em></span> <span class='ocrx_word' id='word_1_205' title='bbox 1376 1684 1538 1741; x_wconf 76' lang='grc' dir='ltr'><em>ἀκωκή.</em></span> 
     </span>
     <span class='ocr_line' id='line_1_30' title="bbox 286 1740 1558 1800; baseline 0.002 -16"><span class='ocrx_word' id='word_1_206' title='bbox 286 1746 368 1785; x_wconf 88' lang='grc' dir='ltr'><em>τοῦ</em></span> <span class='ocrx_word' id='word_1_207' title='bbox 399 1741 443 1785; x_wconf 85' lang='grc' dir='ltr'><em>δ’</em></span> <span class='ocrx_word' id='word_1_208' title='bbox 475 1742 602 1797; x_wconf 71' lang='grc' dir='ltr'><em>ἔβαλε</em></span> <span class='ocrx_word' id='word_1_209' title='bbox 639 1741 907 1797; x_wconf 88' lang='grc' dir='ltr'><em>τρυφάλειαν</em></span> <span class='ocrx_word' id='word_1_210' title='bbox 937 1740 1146 1797; x_wconf 75' lang='grc' dir='ltr'><em>ἀμύμονα</em></span> <span class='ocrx_word' id='word_1_211' title='bbox 1175 1743 1248 1785; x_wconf 83' lang='grc' dir='ltr'><em>καὶ</em></span> <span class='ocrx_word' id='word_1_212' title='bbox 1276 1744 1558 1800; x_wconf 86' lang='grc' dir='ltr'><em>τετραχαίτην</em></span> 
     </span>
    </p>
   </div>
   <div class='ocr_carea' id='block_1_4' title="bbox 289 1795 1335 1856">
    <p class='ocr_par' dir='ltr' id='par_1_4' title="bbox 289 1795 1335 1856">
     <span class='ocr_line' id='line_1_31' title="bbox 289 1795 1335 1856; baseline 0.001 -14"><span class='ocrx_word' id='word_1_213' title='bbox 289 1800 385 1850; x_wconf 85' lang='grc' dir='ltr'><em>δῖος</em></span> <span class='ocrx_word' id='word_1_214' title='bbox 409 1795 697 1855; x_wconf 84' lang='grc' dir='ltr'><em>Ὀριγανίων,</em></span> <span class='ocrx_word' id='word_1_215' title='bbox 727 1798 997 1856; x_wconf 83' lang='grc' dir='ltr'><em>μιμούμενος</em></span> <span class='ocrx_word' id='word_1_216' title='bbox 1027 1798 1166 1843; x_wconf 78' lang='grc' dir='ltr'><em>αὐτὸν</em></span> <span class='ocrx_word' id='word_1_217' title='bbox 1183 1798 1335 1856; x_wconf 72' lang='grc' dir='ltr'><em>Ἄρηα,</em></span> 
     </span>
    </p>
   </div>
   <div class='ocr_carea' id='block_1_5' title="bbox 107 1932 915 2162">
    <p class='ocr_par' dir='ltr' id='par_1_5' title="bbox 107 1932 915 2162">
     <span class='ocr_line' id='line_1_32' title="bbox 155 1932 915 1978; baseline 0 -10"><span class='ocrx_word' id='word_1_218' title='bbox 155 1934 235 1969; x_wconf 66' lang='lat'><strong>237.</strong></span> <span class='ocrx_word' id='word_1_219' title='bbox 264 1932 531 1978; x_wconf 77' lang='grc' dir='ltr'><em>Ψιχάρπαξ.</em></span> <span class='ocrx_word' id='word_1_220' title='bbox 556 1934 663 1969; x_wconf 81' lang='lat' dir='ltr'><strong>atille</strong></span> <span class='ocrx_word' id='word_1_221' title='bbox 680 1933 806 1968; x_wconf 86' lang='lat' dir='ltr'><strong>dudum</strong></span> <span class='ocrx_word' id='word_1_222' title='bbox 821 1933 915 1968; x_wconf 91' lang='lat' dir='ltr'><strong>occi-</strong></span> 
     </span>
     <span class='ocr_line' id='line_1_33' title="bbox 109 1979 914 2027; baseline 0.001 -14"><span class='ocrx_word' id='word_1_223' title='bbox 109 1979 180 2014; x_wconf 81' lang='lat' dir='ltr'><strong>dit.-</strong></span> <span class='ocrx_word' id='word_1_224' title='bbox 203 1993 235 2014; x_wconf 90' lang='lat' dir='ltr'><em>v.</em></span> <span class='ocrx_word' id='word_1_225' title='bbox 246 1981 301 2015; x_wconf 86' lang='lat'><em>99.</em></span> <span class='ocrx_word' id='word_1_226' title='bbox 325 1992 408 2026; x_wconf 85' lang='lat' dir='ltr'><strong>ergo</strong></span> <span class='ocrx_word' id='word_1_227' title='bbox 420 1992 584 2027; x_wconf 88' lang='lat' dir='ltr'><strong>ponamus</strong></span> <span class='ocrx_word' id='word_1_228' title='bbox 600 1980 815 2025; x_wconf 76' lang='grc' dir='ltr'><em>Ψυχάρπαξ,</em></span> <span class='ocrx_word' id='word_1_229' title='bbox 835 1982 914 2014; x_wconf 84' lang='lat' dir='ltr'><strong>ani-</strong></span> 
     </span>
     <span class='ocr_line' id='line_1_34' title="bbox 109 2027 913 2070; baseline 0.002 -11"><span class='ocrx_word' id='word_1_230' title='bbox 109 2038 188 2060; x_wconf 83' lang='lat' dir='ltr'><em>mae</em></span> <span class='ocrx_word' id='word_1_231' title='bbox 219 2038 278 2060; x_wconf 87' lang='lat' dir='ltr'><em>seu</em></span> <span class='ocrx_word' id='word_1_232' title='bbox 314 2028 410 2060; x_wconf 81' lang='lat' dir='ltr'><strong>vitae</strong></span> <span class='ocrx_word' id='word_1_233' title='bbox 433 2031 563 2070; x_wconf 68' lang='lat' dir='ltr'><strong>raptor.</strong></span> <span class='ocrx_word' id='word_1_234' title='bbox 600 2027 686 2061; x_wconf 88' lang='lat' dir='ltr'><strong>omni</strong></span> <span class='ocrx_word' id='word_1_235' title='bbox 711 2028 913 2061; x_wconf 85' lang='lat' dir='ltr'>facetiarum</span> 
     </span>
     <span class='ocr_line' id='line_1_35' title="bbox 107 2071 913 2117; baseline 0.002 -12"><span class='ocrx_word' id='word_1_236' title='bbox 107 2071 225 2116; x_wconf 82' lang='lat' dir='ltr'><strong>generi</strong></span> <span class='ocrx_word' id='word_1_237' title='bbox 253 2072 394 2106; x_wconf 82' lang='lat' dir='ltr'><strong>studens</strong></span> <span class='ocrx_word' id='word_1_238' title='bbox 419 2077 521 2117; x_wconf 61' lang='lat' dir='ltr'><strong>potita</strong></span> <span class='ocrx_word' id='word_1_239' title='bbox 551 2072 621 2116; x_wconf 82' lang='lat' dir='ltr'><strong>joci</strong></span> <span class='ocrx_word' id='word_1_240' title='bbox 647 2084 751 2107; x_wconf 86' lang='lat' dir='ltr'><strong>causa</strong></span> <span class='ocrx_word' id='word_1_241' title='bbox 773 2073 829 2106; x_wconf 89' lang='lat' dir='ltr'><strong>hic</strong></span> <span class='ocrx_word' id='word_1_242' title='bbox 858 2074 913 2107; x_wconf 87' lang='lat' dir='ltr'><strong>in-</strong></span> 
     </span>
     <span class='ocr_line' id='line_1_36' title="bbox 107 2119 740 2162; baseline 0.003 -10"><span class='ocrx_word' id='word_1_243' title='bbox 107 2119 187 2152; x_wconf 86' lang='lat' dir='ltr'><strong>tulit</strong></span> <span class='ocrx_word' id='word_1_244' title='bbox 209 2130 328 2152; x_wconf 86' lang='lat' dir='ltr'><strong>nomen</strong></span> <span class='ocrx_word' id='word_1_245' title='bbox 351 2119 460 2153; x_wconf 81' lang='lat' dir='ltr'><strong>simile</strong></span> <span class='ocrx_word' id='word_1_246' title='bbox 490 2119 740 2162; x_wconf 69' lang='grc' dir='ltr'><em>Ψιχάρπακος.</em></span> 
     </span>
    </p>
   </div>
   <div class='ocr_carea' id='block_1_6' title="bbox 100 2185 914 2646">
    <p class='ocr_par' dir='ltr' id='par_1_6' title="bbox 100 2185 914 2646">
     <span class='ocr_line' id='line_1_37' title="bbox 152 2185 914 2243; baseline -0.001 -22"><span class='ocrx_word' id='word_1_247' title='bbox 152 2188 233 2222; x_wconf 73' lang='lat'><strong>238.</strong></span> <span class='ocrx_word' id='word_1_248' title='bbox 260 2185 540 2243; x_wconf 85' lang='grc' dir='ltr'><em>Πηλούσιον</em></span> <span class='ocrx_word' id='word_1_249' title='bbox 563 2188 658 2222; x_wconf 87' lang='lat' dir='ltr'><strong>Flor.</strong></span> <span class='ocrx_word' id='word_1_250' title='bbox 681 2192 717 2222; x_wconf 84' lang='lat' dir='ltr'><em>et</em></span> <span class='ocrx_word' id='word_1_251' title='bbox 742 2187 818 2221; x_wconf 87' lang='lat' dir='ltr'><strong>Ald.</strong></span> <span class='ocrx_word' id='word_1_252' title='bbox 851 2198 914 2232; x_wconf 89' lang='lat' dir='ltr'><strong>pro</strong></span> 
     </span>
     <span class='ocr_line' id='line_1_38' title="bbox 108 2231 914 2276; baseline 0 -9"><span class='ocrx_word' id='word_1_253' title='bbox 108 2231 350 2276; x_wconf 82' lang='grc' dir='ltr'><em>Πηλούργον,</em></span> <span class='ocrx_word' id='word_1_254' title='bbox 374 2233 438 2267; x_wconf 83' lang='lat' dir='ltr'><strong>nisi</strong></span> <span class='ocrx_word' id='word_1_255' title='bbox 461 2234 571 2268; x_wconf 84' lang='lat' dir='ltr'><strong>fallor.</strong></span> <span class='ocrx_word' id='word_1_256' title='bbox 597 2234 705 2268; x_wconf 84' lang='lat' dir='ltr'><strong>minus</strong></span> <span class='ocrx_word' id='word_1_257' title='bbox 724 2234 810 2268; x_wconf 87' lang='lat' dir='ltr'><strong>bene</strong></span> <span class='ocrx_word' id='word_1_258' title='bbox 835 2234 914 2268; x_wconf 82' lang='lat' dir='ltr'><strong>alii·</strong></span> 
     </span>
     <span class='ocr_line' id='line_1_39' title="bbox 106 2279 913 2325; baseline -0.002 -11"><span class='ocrx_word' id='word_1_259' title='bbox 106 2279 402 2324; x_wconf 83' lang='grc' dir='ltr'><em>Πρασσοφάγον,</em></span> <span class='ocrx_word' id='word_1_260' title='bbox 447 2292 546 2324; x_wconf 87' lang='lat' dir='ltr'><strong>quern</strong></span> <span class='ocrx_word' id='word_1_261' title='bbox 589 2280 686 2314; x_wconf 88' lang='lat' dir='ltr'>modo</span> <span class='ocrx_word' id='word_1_262' title='bbox 724 2279 759 2313; x_wconf 88' lang='lat' dir='ltr'><strong>in</strong></span> <span class='ocrx_word' id='word_1_263' title='bbox 790 2286 913 2325; x_wconf 80' lang='lat' dir='ltr'><strong>stagno</strong></span> 
     </span>
     <span class='ocr_line' id='line_1_40' title="bbox 104 2325 913 2371; baseline 0.001 -12"><span class='ocrx_word' id='word_1_264' title='bbox 104 2337 180 2359; x_wconf 81' lang='lat' dir='ltr'><strong>esse</strong></span> <span class='ocrx_word' id='word_1_265' title='bbox 217 2325 323 2367; x_wconf 81' lang='lat' dir='ltr'><strong>dixit,</strong></span> <span class='ocrx_word' id='word_1_266' title='bbox 358 2326 413 2359; x_wconf 86' lang='lat' dir='ltr'><em>vel</em></span> <span class='ocrx_word' id='word_1_267' title='bbox 447 2329 685 2370; x_wconf 81' lang='grc' dir='ltr'><em>Πρασσαῖον,</em></span> <span class='ocrx_word' id='word_1_268' title='bbox 728 2326 788 2371; x_wconf 87' lang='lat' dir='ltr'><strong>qui</strong></span> <span class='ocrx_word' id='word_1_269' title='bbox 822 2326 913 2360; x_wconf 80' lang='lat' dir='ltr'><strong>infra</strong></span> 
     </span>
     <span class='ocr_line' id='line_1_41' title="bbox 102 2371 911 2429; baseline 0.001 -24"><span class='ocrx_word' id='word_1_270' title='bbox 102 2373 182 2406; x_wconf 73' lang='lat'><strong><em>255.</em></strong></span> <span class='ocrx_word' id='word_1_271' title='bbox 207 2378 382 2429; x_wconf 86' lang='lat' dir='ltr'><strong>superstes</strong></span> <span class='ocrx_word' id='word_1_272' title='bbox 405 2378 468 2406; x_wconf 86' lang='lat' dir='ltr'><strong>est.</strong></span> <span class='ocrx_word' id='word_1_273' title='bbox 515 2371 663 2417; x_wconf 85' lang='grc' dir='ltr'><em>μήπω.</em></span> <span class='ocrx_word' id='word_1_274' title='bbox 693 2372 911 2406; x_wconf 84' lang='lat' dir='ltr'><strong>soloecismus</strong></span> 
     </span>
     <span class='ocr_line' id='line_1_42' title="bbox 102 2416 911 2462; baseline 0 -11"><span class='ocrx_word' id='word_1_275' title='bbox 102 2428 168 2462; x_wconf 87' lang='lat' dir='ltr'><strong>pro</strong></span> <span class='ocrx_word' id='word_1_276' title='bbox 194 2416 309 2452; x_wconf 76' lang='grc' dir='ltr'><em>οὔπω.</em></span> <span class='ocrx_word' id='word_1_277' title='bbox 335 2418 394 2452; x_wconf 88' lang='lat' dir='ltr'><em>sed</em></span> <span class='ocrx_word' id='word_1_278' title='bbox 418 2419 568 2453; x_wconf 81' lang='lat' dir='ltr'><strong>fortasse</strong></span> <span class='ocrx_word' id='word_1_279' title='bbox 592 2419 646 2453; x_wconf 87' lang='lat' dir='ltr'><strong>hic</strong></span> <span class='ocrx_word' id='word_1_280' title='bbox 679 2422 795 2451; x_wconf 85' lang='lat' dir='ltr'><strong>noster</strong></span> <span class='ocrx_word' id='word_1_281' title='bbox 823 2417 911 2451; x_wconf 87' lang='lat' dir='ltr'><strong>scri-</strong></span> 
     </span>
     <span class='ocr_line' id='line_1_43' title="bbox 102 2464 910 2509; baseline 0.001 -13"><span class='ocrx_word' id='word_1_282' title='bbox 102 2468 220 2508; x_wconf 83' lang='lat' dir='ltr'><strong>pserat</strong></span> <span class='ocrx_word' id='word_1_283' title='bbox 235 2464 354 2508; x_wconf 82' lang='grc' dir='ltr'><em>μηρῷ,</em></span> <span class='ocrx_word' id='word_1_284' title='bbox 372 2464 427 2497; x_wconf 85' lang='lat' dir='ltr'><em>vel</em></span> <span class='ocrx_word' id='word_1_285' title='bbox 439 2464 582 2500; x_wconf 82' lang='lat' dir='ltr'><strong>ridicule</strong></span> <span class='ocrx_word' id='word_1_286' title='bbox 598 2464 712 2509; x_wconf 81' lang='grc' dir='ltr'><em>μήλῳ,</em></span> <span class='ocrx_word' id='word_1_287' title='bbox 735 2468 774 2498; x_wconf 81' lang='lat' dir='ltr'><em>ut.</em></span> <span class='ocrx_word' id='word_1_288' title='bbox 792 2464 910 2507; x_wconf 79' lang='lat' dir='ltr'><strong>Vir-g.-</strong></span> 
     </span>
     <span class='ocr_line' id='line_1_44' title="bbox 101 2510 911 2555; baseline 0.002 -14"><span class='ocrx_word' id='word_1_289' title='bbox 101 2511 194 2542; x_wconf 79' lang='lat' dir='ltr'><strong>malo</strong></span> <span class='ocrx_word' id='word_1_290' title='bbox 217 2522 271 2543; x_wconf 85' lang='lat' dir='ltr'><em>me</em></span> <span class='ocrx_word' id='word_1_291' title='bbox 300 2511 452 2544; x_wconf 70' lang='lat' dir='ltr'><em>Galatea</em></span> <span class='ocrx_word' id='word_1_292' title='bbox 480 2513 581 2555; x_wconf 77' lang='lat' dir='ltr'><strong>petit.</strong></span> <span class='ocrx_word' id='word_1_293' title='bbox 629 2510 783 2544; x_wconf 86' lang='lat' dir='ltr'><strong>similiter</strong></span> <span class='ocrx_word' id='word_1_294' title='bbox 808 2510 911 2543; x_wconf 88' lang='lat' dir='ltr'><strong>Pelo-</strong></span> 
     </span>
     <span class='ocr_line' id='line_1_45' title="bbox 100 2555 909 2600; baseline 0.004 -12"><span class='ocrx_word' id='word_1_295' title='bbox 100 2555 198 2588; x_wconf 83' lang='lat' dir='ltr'><strong>bates</strong></span> <span class='ocrx_word' id='word_1_296' title='bbox 218 2557 306 2599; x_wconf 76' lang='lat' dir='ltr'><strong>jacit</strong></span> <span class='ocrx_word' id='word_1_297' title='bbox 330 2557 493 2600; x_wconf 80' lang='lat' dir='ltr'><strong>pugillum</strong></span> <span class='ocrx_word' id='word_1_298' title='bbox 517 2557 579 2590; x_wconf 84' lang='lat' dir='ltr'><strong>luti</strong></span> <span class='ocrx_word' id='word_1_299' title='bbox 604 2556 683 2592; x_wconf 71' lang='lat'>240.</span> <span class='ocrx_word' id='word_1_300' title='bbox 728 2557 789 2591; x_wconf 86' lang='lat' dir='ltr'><em>has</em></span> <span class='ocrx_word' id='word_1_301' title='bbox 814 2556 909 2591; x_wconf 90' lang='lat' dir='ltr'><strong>litte-</strong></span> 
     </span>
     <span class='ocr_line' id='line_1_46' title="bbox 100 2601 757 2646; baseline 0.002 -12"><span class='ocrx_word' id='word_1_302' title='bbox 100 2612 156 2635; x_wconf 83' lang='lat' dir='ltr'><strong>ras</strong></span> <span class='ocrx_word' id='word_1_303' title='bbox 180 2601 378 2646; x_wconf 84' lang='lat' dir='ltr'><strong>permisceri</strong></span> <span class='ocrx_word' id='word_1_304' title='bbox 402 2603 530 2646; x_wconf 82' lang='lat' dir='ltr'><strong>solere,</strong></span> <span class='ocrx_word' id='word_1_305' title='bbox 556 2610 670 2637; x_wconf 83' lang='lat' dir='ltr'><strong>notum</strong></span> <span class='ocrx_word' id='word_1_306' title='bbox 693 2607 757 2636; x_wconf 82' lang='lat' dir='ltr'><em>est.</em></span> 
     </span>
    </p>
   </div>
   <div class='ocr_carea' id='block_1_7' title="bbox 95 2667 908 2948">
    <p class='ocr_par' dir='ltr' id='par_1_7' title="bbox 95 2667 908 2948">
     <span class='ocr_line' id='line_1_47' title="bbox 143 2667 908 2711; baseline 0.004 -8"><span class='ocrx_word' id='word_1_307' title='bbox 143 2667 387 2711; x_wconf 57' lang='lat'>24211562</span> <span class='ocrx_word' id='word_1_308' title='bbox 419 2669 470 2707; x_wconf 84' lang='grc' dir='ltr'><em>δέ</em></span> <span class='ocrx_word' id='word_1_309' title='bbox 505 2671 560 2705; x_wconf 81' lang='grc' dir='ltr'><em>οὶ</em></span> <span class='ocrx_word' id='word_1_310' title='bbox 607 2671 657 2705; x_wconf 89' lang='lat' dir='ltr'><strong>sic</strong></span> <span class='ocrx_word' id='word_1_311' title='bbox 689 2671 794 2704; x_wconf 85' lang='lat' dir='ltr'><strong>MSS.</strong></span> <span class='ocrx_word' id='word_1_312' title='bbox 829 2675 908 2706; x_wconf 77' lang='lat' dir='ltr'><strong>tan-</strong></span> 
     </span>
     <span class='ocr_line' id='line_1_48' title="bbox 98 2716 908 2762; baseline 0.005 -14"><span class='ocrx_word' id='word_1_313' title='bbox 98 2719 169 2748; x_wconf 82' lang='lat' dir='ltr'><strong>tntu</strong></span> <span class='ocrx_word' id='word_1_314' title='bbox 191 2727 256 2748; x_wconf 86' lang='lat' dir='ltr'><em>non</em></span> <span class='ocrx_word' id='word_1_315' title='bbox 280 2727 405 2750; x_wconf 86' lang='lat' dir='ltr'><strong>ornnes.</strong></span> <span class='ocrx_word' id='word_1_316' title='bbox 448 2717 531 2751; x_wconf 76' lang='lat' dir='ltr'><strong>editi</strong></span> <span class='ocrx_word' id='word_1_317' title='bbox 557 2717 650 2750; x_wconf 82' lang='lat' dir='ltr'><strong>fere.</strong></span> <span class='ocrx_word' id='word_1_318' title='bbox 673 2716 770 2760; x_wconf 83' lang='grc' dir='ltr'><em>τύψε</em></span> <span class='ocrx_word' id='word_1_319' title='bbox 792 2716 908 2762; x_wconf 85' lang='grc' dir='ltr'><em>μέσην</em></span> 
     </span>
     <span class='ocr_line' id='line_1_49' title="bbox 98 2758 904 2808; baseline 0.005 -15"><span class='ocrx_word' id='word_1_320' title='bbox 98 2758 212 2795; x_wconf 59' lang='grc' dir='ltr'><em>αὐτὸν</em></span> <span class='ocrx_word' id='word_1_321' title='bbox 237 2775 330 2795; x_wconf 81' lang='grc' dir='ltr'><em>κατα</em></span> <span class='ocrx_word' id='word_1_322' title='bbox 355 2776 384 2805; x_wconf 79' lang='grc' dir='ltr'><em>γ.</em></span> <span class='ocrx_word' id='word_1_323' title='bbox 390 2787 400 2804; x_wconf 87' lang='grc'><em>,</em></span> <span class='ocrx_word' id='word_1_324' title='bbox 425 2763 516 2806; x_wconf 79' lang='lat' dir='ltr'><strong>quod</strong></span> <span class='ocrx_word' id='word_1_325' title='bbox 541 2769 593 2796; x_wconf 85' lang='lat' dir='ltr'><em>est</em></span> <span class='ocrx_word' id='word_1_326' title='bbox 619 2763 728 2797; x_wconf 87' lang='lat' dir='ltr'><strong>minus</strong></span> <span class='ocrx_word' id='word_1_327' title='bbox 753 2763 904 2808; x_wconf 82' lang='lat' dir='ltr'><strong>elegans.</strong></span> 
     </span>
     <span class='ocr_line' id='line_1_50' title="bbox 96 2806 904 2854; baseline 0.006 -16"><span class='ocrx_word' id='word_1_328' title='bbox 96 2806 142 2838; x_wconf 69' lang='lat' dir='ltr'><em>VJ</em></span> <span class='ocrx_word' id='word_1_329' title='bbox 165 2813 198 2840; x_wconf 81' lang='lat' dir='ltr'><em>et</em></span> <span class='ocrx_word' id='word_1_330' title='bbox 225 2807 379 2842; x_wconf 84' lang='lat' dir='ltr'><strong>Franke=</strong></span> <span class='ocrx_word' id='word_1_331' title='bbox 404 2821 440 2842; x_wconf 72' lang='lat' dir='ltr'><strong><em>n</em></strong></span> <span class='ocrx_word' id='word_1_332' title='bbox 452 2817 499 2853; x_wconf 81' lang='grc' dir='ltr'><em>ψε</em></span> <span class='ocrx_word' id='word_1_333' title='bbox 524 2807 564 2844; x_wconf 88' lang='grc' dir='ltr'><em>δέ</em></span> <span class='ocrx_word' id='word_1_334' title='bbox 587 2821 650 2851; x_wconf 91' lang='grc' dir='ltr'><em>μιν</em></span> <span class='ocrx_word' id='word_1_335' title='bbox 673 2809 809 2854; x_wconf 82' lang='grc' dir='ltr'><em>μέσσην</em></span> <span class='ocrx_word' id='word_1_336' title='bbox 834 2814 904 2846; x_wconf 89' lang='lat' dir='ltr'><strong>etc.</strong></span> 
     </span>
     <span class='ocr_line' id='line_1_51' title="bbox 96 2851 900 2913; baseline 0.005 -29"><span class='ocrx_word' id='word_1_337' title='bbox 96 2851 173 2885; x_wconf 84' lang='lat' dir='ltr'><strong>dein</strong></span> <span class='ocrx_word' id='word_1_338' title='bbox 207 2853 308 2894; x_wconf 68' lang='lat' dir='ltr'><strong>libii,</strong></span> <span class='ocrx_word' id='word_1_339' title='bbox 349 2853 469 2898; x_wconf 75' lang='lat' dir='ltr'><strong>putide</strong></span> <span class='ocrx_word' id='word_1_340' title='bbox 501 2855 650 2900; x_wconf 80' lang='lat' dir='ltr'><strong>repetito</strong></span> <span class='ocrx_word' id='word_1_341' title='bbox 685 2855 900 2913; x_wconf 86' lang='lat' dir='ltr'><strong>pronomine.</strong></span> 
     </span>
     <span class='ocr_line' id='line_1_52' title="bbox 95 2897 901 2948; baseline 0.007 -16"><span class='ocrx_word' id='word_1_342' title='bbox 95 2899 168 2939; x_wconf 66' lang='lat' dir='ltr'><strong>nvi-9</strong></span> <span class='ocrx_word' id='word_1_343' title='bbox 185 2897 224 2934; x_wconf 82' lang='grc' dir='ltr'><em>δέ</em></span> <span class='ocrx_word' id='word_1_344' title='bbox 242 2899 278 2935; x_wconf 77' lang='lat'><em>02</em></span> <span class='ocrx_word' id='word_1_345' title='bbox 295 2899 392 2935; x_wconf 77' lang='grc' dir='ltr'><em>εἴσω.</em></span> <span class='ocrx_word' id='word_1_346' title='bbox 415 2899 504 2938; x_wconf 76' lang='lat'><em>241:</em></span> <span class='ocrx_word' id='word_1_347' title='bbox 528 2901 623 2945; x_wconf 81' lang='grc' dir='ltr'><em>τύψε</em></span> <span class='ocrx_word' id='word_1_348' title='bbox 642 2903 704 2938; x_wconf 84' lang='grc' dir='ltr'><em>δεν</em></span> <span class='ocrx_word' id='word_1_349' title='bbox 729 2901 763 2937; x_wconf 73' lang='grc' dir='ltr'><em>οἱ</em></span> <span class='ocrx_word' id='word_1_350' title='bbox 785 2901 901 2948; x_wconf 87' lang='grc' dir='ltr'><em>μέσην</em></span> 
     </span>
    </p>
   </div>
   <div class='ocr_carea' id='block_1_8' title="bbox 964 1933 1776 2016">
    <p class='ocr_par' dir='ltr' id='par_1_8' title="bbox 964 1933 1776 2016">
     <span class='ocr_line' id='line_1_53' title="bbox 965 1933 1776 1991; baseline 0 -23"><span class='ocrx_word' id='word_1_351' title='bbox 965 1945 1028 1979; x_wconf 89' lang='lat' dir='ltr'><strong>pro</strong></span> <span class='ocrx_word' id='word_1_352' title='bbox 1052 1947 1084 1969; x_wconf 84' lang='grc' dir='ltr'><em>τ.</em></span> <span class='ocrx_word' id='word_1_353' title='bbox 1109 1933 1151 1970; x_wconf 83' lang='grc' dir='ltr'><em>δέ</em></span> <span class='ocrx_word' id='word_1_354' title='bbox 1173 1948 1240 1976; x_wconf 84' lang='lat' dir='ltr'><em>vv,</em></span> <span class='ocrx_word' id='word_1_355' title='bbox 1266 1934 1357 1968; x_wconf 81' lang='lat' dir='ltr'><strong>sicut</strong></span> <span class='ocrx_word' id='word_1_356' title='bbox 1383 1946 1407 1969; x_wconf 89' lang='lat' dir='ltr'><strong><em>v</em></strong></span> <span class='ocrx_word' id='word_1_357' title='bbox 1441 1938 1478 1968; x_wconf 85' lang='lat' dir='ltr'><em>et</em></span> <span class='ocrx_word' id='word_1_358' title='bbox 1508 1945 1546 1968; x_wconf 86' lang='grc' dir='ltr'><em>οι</em></span> <span class='ocrx_word' id='word_1_359' title='bbox 1578 1933 1776 1991; x_wconf 74' lang='lat' dir='ltr'><strong>permisceri</strong></span> 
     </span>
     <span class='ocr_line' id='line_1_54' title="bbox 964 1979 1773 2016; baseline 0.002 -2"><span class='ocrx_word' id='word_1_360' title='bbox 964 1981 1085 2015; x_wconf 88' lang='lat' dir='ltr'>solent.</span> <span class='ocrx_word' id='word_1_361' title='bbox 1123 1981 1312 2015; x_wconf 85' lang='lat' dir='ltr'><strong>a-berravit</strong></span> <span class='ocrx_word' id='word_1_362' title='bbox 1344 1984 1456 2015; x_wconf 85' lang='lat' dir='ltr'><strong>autem</strong></span> <span class='ocrx_word' id='word_1_363' title='bbox 1489 1979 1532 2016; x_wconf 77' lang='grc' dir='ltr'><em>τὸ</em></span> <span class='ocrx_word' id='word_1_364' title='bbox 1565 1993 1611 2015; x_wconf 89' lang='grc' dir='ltr'><em>νυ</em></span> <span class='ocrx_word' id='word_1_365' title='bbox 1647 1993 1667 2015; x_wconf 85' lang='lat' dir='ltr'><strong>e</strong></span> <span class='ocrx_word' id='word_1_366' title='bbox 1698 1980 1773 2016; x_wconf 87' lang='lat' dir='ltr'><strong>loco</strong></span> 
     </span>
    </p>
   </div>
   <div class='ocr_carea' id='block_1_9' title="bbox 964 2026 1318 2073">
    <p class='ocr_par' dir='ltr' id='par_1_9' title="bbox 964 2026 1318 2073">
     <span class='ocr_line' id='line_1_55' title="bbox 964 2026 1318 2073; baseline -0.003 -13"><span class='ocrx_word' id='word_1_367' title='bbox 964 2037 1048 2068; x_wconf 79' lang='lat' dir='ltr'><strong>suo,</strong></span> <span class='ocrx_word' id='word_1_368' title='bbox 1075 2037 1143 2072; x_wconf 91' lang='lat' dir='ltr'><em>quo</em></span> <span class='ocrx_word' id='word_1_369' title='bbox 1166 2026 1318 2073; x_wconf 86' lang='lat' dir='ltr'><strong>reposui.</strong></span> 
     </span>
    </p>
   </div>
   <div class='ocr_carea' id='block_1_10' title="bbox 955 2093 1811 2600">
    <p class='ocr_par' dir='ltr' id='par_1_10' title="bbox 955 2093 1811 2600">
     <span class='ocr_line' id='line_1_56' title="bbox 1007 2093 1774 2136; baseline 0 -6"><span class='ocrx_word' id='word_1_370' title='bbox 1007 2094 1087 2130; x_wconf 75' lang='lat'><strong>254.</strong></span> <span class='ocrx_word' id='word_1_371' title='bbox 1112 2106 1232 2129; x_wconf 83' lang='lat' dir='ltr'><strong>versus</strong></span> <span class='ocrx_word' id='word_1_372' title='bbox 1267 2093 1495 2136; x_wconf 65' lang='grc' dir='ltr'><em>άσύστατοςε</em></span> <span class='ocrx_word' id='word_1_373' title='bbox 1531 2106 1606 2129; x_wconf 83' lang='lat' dir='ltr'><em>nam</em></span> <span class='ocrx_word' id='word_1_374' title='bbox 1630 2094 1662 2128; x_wconf 82' lang='lat' dir='ltr'><strong>si</strong></span> <span class='ocrx_word' id='word_1_375' title='bbox 1686 2098 1774 2130; x_wconf 63' lang='lat' dir='ltr'><strong>tatia</strong></span> 
     </span>
     <span class='ocr_line' id='line_1_57' title="bbox 962 2140 1772 2186; baseline 0.002 -11"><span class='ocrx_word' id='word_1_376' title='bbox 962 2141 1093 2175; x_wconf 80' lang='lat' dir='ltr'><strong>insiluit</strong></span> <span class='ocrx_word' id='word_1_377' title='bbox 1116 2141 1162 2175; x_wconf 86' lang='grc' dir='ltr'><em>ἰιι</em></span> <span class='ocrx_word' id='word_1_378' title='bbox 1173 2147 1342 2185; x_wconf 85' lang='lat' dir='ltr'><strong>stagnum,</strong></span> <span class='ocrx_word' id='word_1_379' title='bbox 1367 2141 1534 2186; x_wconf 88' lang='lat' dir='ltr'><strong>quomodo</strong></span> <span class='ocrx_word' id='word_1_380' title='bbox 1560 2140 1675 2186; x_wconf 82' lang='lat' dir='ltr'><strong>potuit</strong></span> <span class='ocrx_word' id='word_1_381' title='bbox 1695 2152 1772 2177; x_wconf 88' lang='lat' dir='ltr'><em>eum</em></span> 
     </span>
     <span class='ocr_line' id='line_1_58' title="bbox 961 2186 1771 2232; baseline 0.002 -12"><span class='ocrx_word' id='word_1_382' title='bbox 961 2186 1106 2232; x_wconf 84' lang='lat' dir='ltr'><strong>aggredi</strong></span> <span class='ocrx_word' id='word_1_383' title='bbox 1130 2199 1224 2220; x_wconf 88' lang='lat' dir='ltr'><strong>mus.</strong></span> <span class='ocrx_word' id='word_1_384' title='bbox 1210 2187 1229 2211; x_wconf 73' lang='lat'><em>‘³</em></span> <span class='ocrx_word' id='word_1_385' title='bbox 1262 2187 1352 2221; x_wconf 87' lang='lat' dir='ltr'><strong>vidit</strong></span> <span class='ocrx_word' id='word_1_386' title='bbox 1376 2188 1441 2222; x_wconf 90' lang='lat' dir='ltr'><em>hoc</em></span> <span class='ocrx_word' id='word_1_387' title='bbox 1463 2188 1558 2226; x_wconf 60' lang='lat' dir='ltr'><strong>Ern„</strong></span> <span class='ocrx_word' id='word_1_388' title='bbox 1582 2187 1645 2221; x_wconf 76' lang='lat' dir='ltr'><em>sed</em></span> <span class='ocrx_word' id='word_1_389' title='bbox 1673 2187 1771 2232; x_wconf 87' lang='lat' dir='ltr'><strong>lepo-</strong></span> 
     </span>
     <span class='ocr_line' id='line_1_59' title="bbox 959 2230 1768 2278; baseline 0.001 -11"><span class='ocrx_word' id='word_1_390' title='bbox 959 2245 1053 2274; x_wconf 85' lang='lat' dir='ltr'><strong>rem,</strong></span> <span class='ocrx_word' id='word_1_391' title='bbox 1082 2233 1140 2278; x_wconf 90' lang='lat' dir='ltr'><strong>qui</strong></span> <span class='ocrx_word' id='word_1_392' title='bbox 1164 2233 1255 2266; x_wconf 86' lang='lat' dir='ltr'><strong>inest</strong></span> <span class='ocrx_word' id='word_1_393' title='bbox 1278 2234 1313 2267; x_wconf 90' lang='lat' dir='ltr'><strong>in</strong></span> <span class='ocrx_word' id='word_1_394' title='bbox 1337 2234 1443 2268; x_wconf 80' lang='lat' dir='ltr'><strong>verbo</strong></span> <span class='ocrx_word' id='word_1_395' title='bbox 1467 2230 1676 2277; x_wconf 82' lang='grc' dir='ltr'><em>ἧμίπνονν,</em></span> <span class='ocrx_word' id='word_1_396' title='bbox 1701 2244 1768 2268; x_wconf 90' lang='lat' dir='ltr'><em>non</em></span> 
     </span>
     <span class='ocr_line' id='line_1_60' title="bbox 959 2279 1770 2334; baseline 0.001 -22"><span class='ocrx_word' id='word_1_397' title='bbox 959 2279 1126 2334; x_wconf 82' lang='lat' dir='ltr'><strong>percepit.</strong></span> <span class='ocrx_word' id='word_1_398' title='bbox 1167 2291 1267 2321; x_wconf 82' lang='lat' dir='ltr'>„non</span> <span class='ocrx_word' id='word_1_399' title='bbox 1302 2279 1434 2321; x_wconf 86' lang='lat' dir='ltr'><strong>video‚‘</strong></span> <span class='ocrx_word' id='word_1_400' title='bbox 1439 2283 1448 2299; x_wconf 95' lang='lat'>‘</span> <span class='ocrx_word' id='word_1_401' title='bbox 1480 2279 1617 2324; x_wconf 86' lang='lat' dir='ltr'><strong>inquit,</strong></span> <span class='ocrx_word' id='word_1_402' title='bbox 1657 2291 1770 2324; x_wconf 84' lang='lat' dir='ltr'><strong>„quo-</strong></span> 
     </span>
     <span class='ocr_line' id='line_1_61' title="bbox 959 2322 1768 2370; baseline 0.001 -11"><span class='ocrx_word' id='word_1_403' title='bbox 959 2326 1055 2360; x_wconf 88' lang='lat' dir='ltr'>modo</span> <span class='ocrx_word' id='word_1_404' title='bbox 1080 2322 1266 2370; x_wconf 80' lang='grc' dir='ltr'><em>ἡμίπνους</em></span> <span class='ocrx_word' id='word_1_405' title='bbox 1287 2326 1354 2366; x_wconf 83' lang='lat' dir='ltr'><strong>sit,</strong></span> <span class='ocrx_word' id='word_1_406' title='bbox 1379 2325 1438 2370; x_wconf 90' lang='lat' dir='ltr'><strong>qui</strong></span> <span class='ocrx_word' id='word_1_407' title='bbox 1462 2330 1592 2359; x_wconf 82' lang='lat' dir='ltr'><strong>tantum</strong></span> <span class='ocrx_word' id='word_1_408' title='bbox 1617 2325 1651 2359; x_wconf 94' lang='lat' dir='ltr'><strong>in</strong></span> <span class='ocrx_word' id='word_1_409' title='bbox 1677 2326 1768 2369; x_wconf 80' lang='lat' dir='ltr'><strong>pedo</strong></span> 
     </span>
     <span class='ocr_line' id='line_1_62' title="bbox 957 2371 1768 2416; baseline 0.001 -12"><span class='ocrx_word' id='word_1_410' title='bbox 957 2377 1107 2405; x_wconf 83' lang='lat' dir='ltr'><strong>extremo</strong></span> <span class='ocrx_word' id='word_1_411' title='bbox 1133 2382 1313 2416; x_wconf 84' lang='lat' dir='ltr'><strong>percussus</strong></span> <span class='ocrx_word' id='word_1_412' title='bbox 1347 2371 1418 2405; x_wconf 86' lang='lat' dir='ltr'><strong>sit.‘</strong></span> <span class='ocrx_word' id='word_1_413' title='bbox 1410 2373 1430 2390; x_wconf 88' lang='lat'><strong>“</strong></span> <span class='ocrx_word' id='word_1_414' title='bbox 1470 2378 1507 2405; x_wconf 85' lang='lat' dir='ltr'><em>at</em></span> <span class='ocrx_word' id='word_1_415' title='bbox 1530 2382 1571 2405; x_wconf 79' lang='lat' dir='ltr'><em>ea</em></span> <span class='ocrx_word' id='word_1_416' title='bbox 1595 2376 1649 2405; x_wconf 85' lang='lat' dir='ltr'><em>est</em></span> <span class='ocrx_word' id='word_1_417' title='bbox 1674 2372 1768 2416; x_wconf 80' lang='lat' dir='ltr'><strong>Phy-</strong></span> 
     </span>
     <span class='ocr_line' id='line_1_63' title="bbox 957 2417 1766 2462; baseline 0.002 -12"><span class='ocrx_word' id='word_1_418' title='bbox 957 2417 1106 2461; x_wconf 76' lang='lat' dir='ltr'><strong>signathi</strong></span> <span class='ocrx_word' id='word_1_419' title='bbox 1131 2417 1290 2450; x_wconf 84' lang='lat' dir='ltr'><strong>debilitas</strong></span> <span class='ocrx_word' id='word_1_420' title='bbox 1323 2422 1427 2461; x_wconf 81' lang='lat' dir='ltr'><strong>atque</strong></span> <span class='ocrx_word' id='word_1_421' title='bbox 1448 2417 1610 2462; x_wconf 85' lang='lat' dir='ltr'><strong>ignavia,</strong></span> <span class='ocrx_word' id='word_1_422' title='bbox 1644 2424 1682 2451; x_wconf 85' lang='lat' dir='ltr'><em>ut</em></span> <span class='ocrx_word' id='word_1_423' title='bbox 1708 2417 1766 2452; x_wconf 86' lang='lat' dir='ltr'><em>vel</em></span> 
     </span>
     <span class='ocr_line' id='line_1_64' title="bbox 956 2463 1763 2509; baseline 0.001 -12"><span class='ocrx_word' id='word_1_424' title='bbox 956 2463 1025 2497; x_wconf 89' lang='lat' dir='ltr'><strong>levi</strong></span> <span class='ocrx_word' id='word_1_425' title='bbox 1056 2463 1197 2497; x_wconf 82' lang='lat' dir='ltr'><strong>vulnere</strong></span> <span class='ocrx_word' id='word_1_426' title='bbox 1228 2463 1415 2507; x_wconf 82' lang='lat' dir='ltr'><strong>affligatur.</strong></span> <span class='ocrx_word' id='word_1_427' title='bbox 1463 2475 1572 2509; x_wconf 80' lang='lat' dir='ltr'><strong>aeque</strong></span> <span class='ocrx_word' id='word_1_428' title='bbox 1604 2468 1763 2498; x_wconf 84' lang='lat' dir='ltr'><strong>strenuus</strong></span> 
     </span>
     <span class='ocr_line' id='line_1_65' title="bbox 956 2509 1811 2554; baseline 0 -11"><span class='ocrx_word' id='word_1_429' title='bbox 956 2509 1162 2543; x_wconf 86' lang='lat' dir='ltr'><strong>describitur</strong></span> <span class='ocrx_word' id='word_1_430' title='bbox 1193 2509 1379 2554; x_wconf 80' lang='lat' dir='ltr'><strong>Origaniou</strong></span> <span class='ocrx_word' id='word_1_431' title='bbox 1409 2511 1511 2551; x_wconf 63' lang='lat'>261„</span> <span class='ocrx_word' id='word_1_432' title='bbox 1557 2513 1593 2543; x_wconf 84' lang='lat' dir='ltr'><em>et</em></span> <span class='ocrx_word' id='word_1_433' title='bbox 1627 2509 1760 2544; x_wconf 89' lang='lat' dir='ltr'><strong>omnino</strong></span> <span class='ocrx_word' id='word_1_434' title='bbox 1805 2530 1811 2543; x_wconf 50' lang='lat' dir='ltr'><strong>t</strong></span> 
     </span>
     <span class='ocr_line' id='line_1_66' title="bbox 955 2555 1806 2600; baseline 0 -11"><span class='ocrx_word' id='word_1_435' title='bbox 955 2555 1150 2600; x_wconf 84' lang='lat' dir='ltr'><strong>superiores</strong></span> <span class='ocrx_word' id='word_1_436' title='bbox 1173 2555 1264 2589; x_wconf 84' lang='lat' dir='ltr'><strong>ranis</strong></span> <span class='ocrx_word' id='word_1_437' title='bbox 1288 2560 1369 2589; x_wconf 86' lang='lat' dir='ltr'><strong>sunt</strong></span> <span class='ocrx_word' id='word_1_438' title='bbox 1391 2566 1506 2590; x_wconf 85' lang='lat' dir='ltr'><strong>mures</strong></span> <span class='ocrx_word' id='word_1_439' title='bbox 1526 2555 1561 2589; x_wconf 90' lang='lat' dir='ltr'><strong>in</strong></span> <span class='ocrx_word' id='word_1_440' title='bbox 1593 2555 1658 2589; x_wconf 76' lang='lat' dir='ltr'><em>ho&#39;c</em></span> <span class='ocrx_word' id='word_1_441' title='bbox 1682 2566 1762 2590; x_wconf 86' lang='lat' dir='ltr'><strong>car-</strong></span> <span class='ocrx_word' id='word_1_442' title='bbox 1804 2576 1806 2578; x_wconf 97' lang='lat'>-</span> 
     </span>
    </p>
   </div>
   <div class='ocr_carea' id='block_1_11' title="bbox 953 2602 1052 2636">
    <p class='ocr_par' dir='ltr' id='par_1_11' title="bbox 953 2602 1052 2636">
     <span class='ocr_line' id='line_1_67' title="bbox 953 2602 1052 2636; baseline 0 0"><span class='ocrx_word' id='word_1_443' title='bbox 953 2602 1052 2636; x_wconf 84' lang='lat' dir='ltr'><strong>mine.</strong></span> 
     </span>
    </p>
   </div>
   <div class='ocr_carea' id='block_1_12' title="bbox 945 2668 1757 2948">
    <p class='ocr_par' dir='ltr' id='par_1_12' title="bbox 945 2668 1757 2948">
     <span class='ocr_line' id='line_1_68' title="bbox 999 2668 1757 2714; baseline -0.001 -9"><span class='ocrx_word' id='word_1_444' title='bbox 999 2671 1078 2705; x_wconf 69' lang='lat'>258.</span> <span class='ocrx_word' id='word_1_445' title='bbox 1117 2669 1466 2714; x_wconf 83' lang='grc' dir='ltr'><em>τετραχαίτην,</em></span> <span class='ocrx_word' id='word_1_446' title='bbox 1517 2668 1540 2704; x_wconf 87' lang='grc'>4</span> <span class='ocrx_word' id='word_1_447' title='bbox 1580 2669 1693 2702; x_wconf 67' lang='lat' dir='ltr'><strong>cristis</strong></span> <span class='ocrx_word' id='word_1_448' title='bbox 1737 2680 1757 2704; x_wconf 81' lang='lat' dir='ltr'><strong>e</strong></span> 
     </span>
     <span class='ocr_line' id='line_1_69' title="bbox 951 2714 1756 2760; baseline -0.003 -10"><span class='ocrx_word' id='word_1_449' title='bbox 951 2718 1035 2750; x_wconf 72' lang='lat' dir='ltr'><strong>setis</strong></span> <span class='ocrx_word' id='word_1_450' title='bbox 1059 2717 1190 2760; x_wconf 77' lang='lat' dir='ltr'><strong>equinis</strong></span> <span class='ocrx_word' id='word_1_451' title='bbox 1210 2718 1411 2750; x_wconf 79' lang='lat' dir='ltr'><strong>instructam</strong></span> <span class='ocrx_word' id='word_1_452' title='bbox 1428 2715 1572 2760; x_wconf 83' lang='lat' dir='ltr'><strong>galeam,</strong></span> <span class='ocrx_word' id='word_1_453' title='bbox 1595 2720 1636 2749; x_wconf 84' lang='lat' dir='ltr'><em>ut</em></span> <span class='ocrx_word' id='word_1_454' title='bbox 1657 2714 1756 2751; x_wconf 86' lang='lat' dir='ltr'><strong>Hom.</strong></span> 
     </span>
     <span class='ocr_line' id='line_1_70' title="bbox 953 2760 1754 2816; baseline -0.001 -20"><span class='ocrx_word' id='word_1_455' title='bbox 953 2763 1040 2797; x_wconf 82' lang='lat' dir='ltr'><strong>dixit</strong></span> <span class='ocrx_word' id='word_1_456' title='bbox 1073 2761 1192 2806; x_wconf 86' lang='grc' dir='ltr'><em>λόφον</em></span> <span class='ocrx_word' id='word_1_457' title='bbox 1216 2762 1454 2816; x_wconf 80' lang='grc' dir='ltr'><em>ἱππιοχαίτην</em></span> <span class='ocrx_word' id='word_1_458' title='bbox 1476 2761 1517 2795; x_wconf 87' lang='lat' dir='ltr'><em>Il.</em></span> <span class='ocrx_word' id='word_1_459' title='bbox 1541 2760 1582 2803; x_wconf 76' lang='grc' dir='ltr'><em>ζ’,</em></span> <span class='ocrx_word' id='word_1_460' title='bbox 1613 2761 1691 2796; x_wconf 87' lang='grc'><strong>469.</strong></span> <span class='ocrx_word' id='word_1_461' title='bbox 1717 2764 1754 2795; x_wconf 81' lang='lat' dir='ltr'><em>et</em></span> 
     </span>
     <span class='ocr_line' id='line_1_71' title="bbox 947 2805 1755 2853; baseline -0.006 -8"><span class='ocrx_word' id='word_1_462' title='bbox 947 2808 1098 2853; x_wconf 80' lang='grc' dir='ltr'><em>κόρυθα</em></span> <span class='ocrx_word' id='word_1_463' title='bbox 1128 2807 1374 2844; x_wconf 76' lang='grc' dir='ltr'><em>ἱπποδάσειαν</em></span> <span class='ocrx_word' id='word_1_464' title='bbox 1408 2809 1446 2842; x_wconf 82' lang='lat'><em>11.</em></span> <span class='ocrx_word' id='word_1_465' title='bbox 1480 2805 1521 2850; x_wconf 79' lang='grc' dir='ltr'><em>γ’,</em></span> <span class='ocrx_word' id='word_1_466' title='bbox 1553 2808 1633 2842; x_wconf 87' lang='grc'><strong>369.</strong></span> <span class='ocrx_word' id='word_1_467' title='bbox 1673 2805 1755 2841; x_wconf 85' lang='lat' dir='ltr'><strong>libri</strong></span> 
     </span>
     <span class='ocr_line' id='line_1_72' title="bbox 947 2851 1754 2910; baseline -0.002 -21"><span class='ocrx_word' id='word_1_468' title='bbox 947 2862 1130 2910; x_wconf 81' lang='lat' dir='ltr'><strong>corrupte.</strong></span> <span class='ocrx_word' id='word_1_469' title='bbox 1155 2854 1395 2900; x_wconf 80' lang='grc' dir='ltr'><em>τετράχητον</em></span> <span class='ocrx_word' id='word_1_470' title='bbox 1419 2851 1663 2899; x_wconf 80' lang='grc' dir='ltr'><em>τετράχντρον</em></span> <span class='ocrx_word' id='word_1_471' title='bbox 1695 2864 1754 2888; x_wconf 82' lang='grc' dir='ltr'><em>τε·</em></span> 
     </span>
     <span class='ocr_line' id='line_1_73' title="bbox 945 2899 1480 2948; baseline -0.008 -10"><span class='ocrx_word' id='word_1_472' title='bbox 945 2899 1138 2948; x_wconf 81' lang='grc' dir='ltr'><em>τράχηλον.</em></span> <span class='ocrx_word' id='word_1_473' title='bbox 1161 2901 1355 2938; x_wconf 79' lang='lat' dir='ltr'><strong>emendavit</strong></span> <span class='ocrx_word' id='word_1_474' title='bbox 1370 2901 1480 2946; x_wconf 83' lang='lat' dir='ltr'><strong>llgen.</strong></span> 
     </span>
    </p>
   </div>
  </div>
 </body>
</html>
