1821 3288
155 94 239 134 146

326 197 418 252 οἶος
446 197 683 252 Ὀδυσσευς
713 201 851 246 ἒᾛσκεν

790 92 1198 166 ΟΜῌΡΟΤ

909 203 993 270 ἐγώ
1023 204 1071 248 δέ
1100 221 1177 278 μιν
1220 202 1355 257 αύτὸς
1383 203 1575 251 ὄπωπα·

238 259 294 302 95
324 258 396 300 καὶ
426 258 508 312 γὰρ
538 257 722 314 μνήμων
752 260 862 313 εἰμὶ.
891 263 995 311 πάϊς
1025 260 1068 304 6'
1103 262 1164 305 ε’τι
1183 262 1349 334 νήπιος
1370 265 1471 319 ἠα.“

389 313 476 365 Ὣς
507 315 644 369 φάτο
677 319 736 370 τῷ
769 315 811 358 δ’
845 315 930 370 ἄρα
959 317 1105 373 θυμὸς
1136 319 1198 361 ἐνὶ
1229 318 1464 375 στήθεσσιν
1494 320 1648 366 ἐώλπει

322 386 489 440 νευρην
518 372 563 414 τ’
594 370 852 422 ἐιτανύσαι,
885 376 1152 418 διοϊστεῦσαί
1187 391 1231 418 τε
1262 376 1461 433 σιδήρου

321 422 421 499 ᾗτοι
454 427 606 472 ὀϊστοῦ
636 443 684 482 γε
714 433 888 480 πρῶτος
901 430 1153 500 γεύσεσθαι
1182 433 1355 486 ε’μελλεν

321 483 370 528 ἐκ
399 490 557 540 χειρῶν
583 485 797 539 Ὀδυσῆος
825 484 1073 559 ἀμύμονος,
1104 489 1158 532 ὅν
1183 488 1283 532 ποτ’
1315 488 1467 546 ἀτίμα,

213 547 294 588 100
323 540 487 597 ἥμενος
518 542 565 585 ἐν
593 541 819 597 μεγάροις,
852 543 922 586 ἐπὶ
949 542 994 586 δ’
1027 544 1169 597 ω’ρνυε
1198 545 1363 597 πάντας
1393 547 1605 604 ἑταίρους-

321 603 440 642 τοῐσι
474 598 520 641 δὲ
547 599 622 642 καὶ
653 597 848 655 μετέειφ’
879 600 972 657 ἱερὴ
998 601 1043 652 ἲς
1071 602 1362 658 Τηλεμάχοιο·

405 711 608 746 Telemachi
632 711 745 748 oratio
770 713 853 748 ficta
878 714 922 748 ad
946 726 1091 760 procos,
1124 727 1194 762 qua
1216 716 1324 760 magis
1348 728 1408 751 eos
1428 717 1563 753 incitat.

364 832 375 847 ν
403 775 478 833 ,,,Ω
507 780 667 833 πόποι,
697 775 726 836 ἦ
755 780 872 836 μαλα
901 798 952 838 με
982 784 1093 836 Ζεὺς
1123 784 1324 856 α’φρονα
1333 787 1444 839 θῆκε
1475 786 1703 842 Κρονίωνὶ

316 851 459 904 μητηρ
475 836 567 909 Ι’μέν
596 839 673 890 μοι’
703 850 811 894 φησι
841 841 972 896 φίλη,
1003 842 1163 898 πινυτή
1193 858 1273 895 περ
1307 840 1467 892 ἐοῦσα,

317 892 438 962 ἄλλῳ
469 893 546 948 ἅμ’
577 893 781 947 ἕψεσθαι,
813 899 1164 968 νοσφισσαμένη
1173 900 1271 943 τόδε
1302 900 1448 953 δῶμα

207 951 289 996 105
319 950 459 1022 αὐτάρ
490 951 572 1005 ἐγώ
602 950 762 1007 γελόω,
793 953 867 996 καὶ
894 954 1106 1025 τέρπομαι
1137 955 1302 1012 ἄφρονι
1330 956 1477 1026 θυμῷ.

318 1005 421 1050 ἀλλ’
453 1007 589 1062 ἄγετε,
622 1013 887 1081 μνηστῆρες,
918 1011 1008 1054 επεὶ
1038 1012 1138 1056 τόδε
1169 1011 1342 1067 φαίνετ’
1372 1012 1560 1058 ἄεθλον.

317 1065 388 1133 οιή
418 1069 503 1107 νῦν
534 1063 620 1108 οὐκ
650 1065 739 1108 ε’στι
767 1065 879 1122 γυνή
910 1067 1008 1111 κατ’
1034 1067 1228 1125 Ἀχαιίδα
1255 1073 1408 1124 γαῖαν,

319 1120 422 1164 ου’τε
453 1120 610 1165 Πύλου
641 1123 785 1177 ιερῆς,
816 1122 912 1166 οὔτ’
922 1124 1137 1195 ”Αργεος,
1170 1126 1270 1170 οὔτε
1299 1124 1543 1182 Μυκήνης,

318 1176 415 1221 οὔτ’
447 1178 584 1235 αὐτῆς
607 1176 802 1235 Ἰθάκης,
834 1179 933 1224 οὔτ’
963 1181 1163 1238 ἠπείροιο
1194 1184 1419 1239 μελαίνης,

145 1321 243 1357 fundi
265 1323 413 1359 solent
403 1336 438 1358 m
463 1323 563 1360 codd.
587 1326 697 1361 verba
718 1324 830 1371 μάλα,
851 1326 958 1372 μέγα,

143 1367 251 1412 μετὰ,
281 1369 318 1403 id
342 1372 434 1415 quod
468 1371 691 1406 ostenderunt
724 1374 796 1418 He)
796 1386 838 1408 ιι.
879 1386 959 1409 ann.

144 1417 189 1450 ad
213 1416 254 1450 Il.
279 1415 322 1459 ρ’,
348 1419 428 1454 629.
439 1443 449 1460 ,
483 1418 542 1452 ubi
567 1418 702 1462 quidam
727 1419 805 1453 libri
831 1421 959 1455 habent

143 1462 236 1507 μέγα
258 1462 392 1506 νήπιος
415 1475 477 1508 pro
507 1462 608 1508 μάλα
632 1478 664 1498 ν.
678 1465 853 1505 ‚.Jacobs
887 1469 959 1500 An-

143 1510 230 1543 thol.
264 1509 377 1543 Palat.
401 1511 436 1546 3.
469 1521 505 1555 p.
536 1511 591 1545 12.
625 1490 763 1557 aliique.
812 1512 858 1548 cf.
882 1523 958 1547 ann.

143 1555 189 1592 ad
214 1553 256 1597 ο’,
280 1556 362 1590 227.

191 1607 290 1641 97—
303 1609 381 1642 100.
431 1603 695 1641 ἐντανύσαι.
738 1606 896 1643 sicAMQ
923 1612 958 1643 et

143 1653 179 1689 3.
207 1652 360 1686 nonnulli
385 1653 477 1697 apud
512 1654 586 1686 Cl:
620 1652 833 1693 ἐντανύειν,
868 1665 957 1709 quae

143 1697 282 1733 videtur
314 1709 390 1732 esse
421 1699 664 1743 interpretatio
701 1701 770 1733 τοῦ
806 1699 957 1735 ἐντανύ-

145 1755 218 1780 σαι.
266 1744 324 1778 alii
349 1745 440 1793 apud
465 1745 628 1778 eundem:
646 1745 797 1800 νευρήν
820 1745 857 1781 τ’
884 1746 955 1782 ἕντ

143 1791 231 1826 male
255 1791 414 1825 Alterus:
454 1803 486 1824 ν.
522 1789 740 1835 ἐντανύσαι,
777 1793 955 1829 διοιστεύ-

142 1848 220 1873 σειν
244 1849 282 1871 τε
307 1838 396 1877 σιδ.,
423 1836 591 1881 siquidem
618 1840 730 1883 posito
756 1837 954 1875 ἐντανύσαι

142 1884 335 1939 ponendum
360 1894 498 1927 quoque
530 1889 604 1917 erat
637 1885 881 1928 διοιστεῦσαι,
915 1890 954 1920 ut

141 1927 185 1972 τ’,
208 1931 289 1964 587.
314 1930 357 1963 de
381 1929 551 1964 infinitivo
588 1930 706 1965 aoristi
742 1944 804 1976 pro
843 1933 952 1966 futuri

143 1980 307 2021 usurpato
348 1987 382 2009 v.
417 1987 495 2008 ann.
529 1975 571 2009 ad
611 1975 655 2023 β’,
698 1980 777 2013 198.
812 1979 954 2023 vulgata

142 2029 284 2067 asperat
307 2021 601 2055 homoeoteleuton
625 2036 712 2066 νευρ
726 2037 776 2068 ην
801 2022 954 2059 ἐντανύ-

143 2080 267 2110 σειν,
308 2066 586 2103 διοϊστεύσειν.
635 2069 685 2102 sic
715 2076 827 2104 tamen
863 2072 952 2105 infe-

142 2115 215 2149 rius
243 2116 333 2156 127.,
359 2114 413 2147 cui
438 2114 512 2147 loco
540 2115 627 2148 hunc
649 2116 870 2151 assimilatum
898 2129 953 2151 es·

142 2172 181 2195 se
204 2140 367 2195 arbitror.
414 2158 687 2204 γεύσεσθαι.
737 2164 854 2197 eodem
878 2169 950 2197 tro-

143 2219 187 2251 po
212 2206 257 2249 ν’,
287 2209 363 2243 181.
377 2219 385 2238 =
410 2207 495 2249 πρὶν
519 2209 648 2263 χειρῶν
671 2208 890 2251 γεύσασθαι,
914 2214 950 2243 et

142 2253 183 2287 Il.
219 2253 270 2298 φ’,
306 2254 382 2288 60.:
414 2250 495 2288 ἀλλ’
537 2250 573 2298 οἱ)
575 2267 599 2289 ε
641 2255 688 2298 δὴ
716 2257 780 2291 καὶ
814 2253 950 2310 δουρὸς

142 2298 289 2344 οἷκωκῆς
311 2297 505 2344 ἡμετέροιο
533 2300 722 2336 Γεύσεται.
771 2302 814 2336 cf.
843 2304 879 2336 ll.
902 2300 950 2344 v',

141 2347 231 2389 258,
273 2346 345 2379 Eur
333 2346 395 2390 rip.
441 2347 601 2388 Hecuba,
643 2349 947 2393 360‚A13stoph.

141 2391 644 2433 Ran.427,P1aut.w1‹‚st
683 2395 949 2435 5‚1‚15etc.

140 2438 314 2483 Hesych.·
360 2435 586 2480 γεύσασθαι,
604 2438 809 2483 πειράσαι,
849 2438 950 2483 αψα-

141 2486 245 2519 σθαι.
277 2503 322 2508 -
357 2483 558 2541 ἥμενος,
600 2488 743 2527 sedens,
778 2488 948 2521 accubans

140 2531 176 2564 in
200 2529 370 2566 convivio.
420 2542 450 2565 v.
477 2530 518 2575 ρ’,
553 2532 769 2568 411-465.
794 2552 836 2558 -
874 2531 948 2568 ἐπὶ

141 2574 180 2610 δ’
205 2573 376 2618 ὤρνυε,
405 2579 650 2620 dimanabant,
686 2579 718 2614 h.
746 2591 775 2613 e.
801 2578 948 2613 incitare

139 2625 348 2656 conabatur.
380 2635 503 2658 revera
535 2626 621 2658 enim
653 2625 721 2669 ipsi
752 2632 822 2659 tum
849 2626 948 2660 Anti-

139 2679 206 2702 noo
243 2669 350 2702 ceteri
387 2671 485 2713 proci
530 2670 785 2704 irascebantur·
829 2684 864 2704 v.

139 2714 206 2750 481
229 2733 272 2739 —
297 2715 378 2750 487.
451 2717 590 2750 Jocaste
637 2728 692 2762 ap.
743 2717 947 2775 Euripidem

141 2760 271 2794 Phoen.
297 2762 374 2795 81.·
414 2759 482 2804 ἔγιὸ
518 2761 558 2796 δ’
591 2761 670 2803 ἔριν
692 2762 824 2798 λύουσ’
849 2762 946 2799 ’ὑπό-

139 2808 303 2840 σπονδοι
335 2811 460 2849 μολεῖν
493 2804 648 2843 Ἔπεισα
674 2810 781 2844 παιδι
811 2811 944 2845 παῖδα

138 2851 187 2885 ibi
210 2852 416 2886 Schaferusz
447 2853 624 2897 „Iocaste
629 2857 650 2874 “
682 2855 867 2900 inquit„
858 2857 945 2891 col-

137 2897 288 2941 loquium
314 2910 439 2943 parans
461 2900 607 2934 filiorum
642 2900 722 2936 ἔλυε
753 2901 822 2946 τήν
854 2901 945 2945 ἔριν,

136 2944 357 2989 componendi
398 2945 477 2981 belli
506 2946 637 2982 initium
671 2947 842 2990 faciebat3
876 2960 941 2983 ιιοιι

1004 1327 1086 1363 item
1110 1328 1211 1364 ἔλυσε
1226 1329 1280 1373 (ut
1297 1328 1402 1363 scribi
1421 1328 1531 1363 voluit
1541 1325 1694 1371 Valck.),
1718 1325 1811 1371 quod

1003 1375 1053 1409 illi
1095 1382 1237 1411 matrem
1281 1387 1348 1409 non
1384 1375 1556 1410 audirent.
1617 1374 1814 1415 Falluntur,

1005 1422 1066 1465 qui
1101 1423 1184 1456 talia
1217 1422 1260 1455 de
1291 1422 1363 1456 sola
1391 1421 1570 1455 voluntate
1603 1418 1728 1464 agendi
1757 1419 1813 1453 in-

1003 1468 1184 1512 telligunt:
1219 1479 1300 1502 vere
1333 1467 1420 1501 enim
1452 1467 1574 1512 incipit
1598 1472 1716 1508 actm,
1748 1465 1812 1500 sed

1004 1514 1048 1547 ob
1087 1513 1328 1558 impedimenta
1367 1518 1465 1547 caret
1504 1517 1641 1547 eventu.
1697 1514 1812 1558 Atque

1004 1560 1090 1594 haec
1115 1572 1222 1594 causa
1246 1565 1318 1602 est,
1352 1571 1414 1594 cur
1448 1560 1596 1594 omnium
1620 1560 1737 1593 harum
1759 1559 1812 1592 lo-

1003 1608 1177 1640 cutionum
1193 1606 1366 1651 proprium
1389 1606 1435 1639 sit
1454 1611 1587 1650 tempus
1607 1611 1668 1639 aut.
1691 1615 1813 1651 praes-

1003 1663 1083 1692 ens,
1118 1657 1179 1686 aut
1210 1652 1456 1697 imperfectum.
1504 1653 1547 1688 V.
1573 1657 1644 1685 not.
1669 1653 1713 1686 ad
1737 1651 1812 1684 De-

1002 1699 1125 1734 mosth.
1173 1698 1269 1739 4.4,
1296 1699 1354 1731 5.“
1400 1698 1445 1733 cf.
1479 1701 1516 1732 et
1551 1698 1669 1732 Orest.
1706 1697 1811 1739 1171,

1000 1710 1383 1788 Iphig.'1{1ur.1248‚
1416 1743 1679 1790 Aristoph.Av.
1705 1744 1811 1784 1253,

997 1789 1141 1824 inferius
1164 1792 1254 1831 298,
1282 1795 1349 1823 etc.

1045 1839 1124 1871 101.
1175 1838 1252 1877 130,
1277 1834 1321 1882 β’,
1344 1835 1425 1879 409,
1450 1847 1494 1878 σ,
1517 1834 1587 1872 404
1610 1838 1678 1870 etc.

1047 1885 1124 1924 107,
1149 1884 1182 1918 8.
1234 1861 1449 1927 ”Αχαιΐδα
1479 1885 1633 1939 γαῖαν.
1686 1880 1728 1915 11.
1758 1877 1809 1922 α’,

997 1928 1067 1962 254
1099 1934 1167 1963 etc.
1215 1929 1268 1963 E:
1309 1928 1450 1970 ἰστέον,
1490 1926 1567 1972 ὅτι,
1611 1925 1673 1965 ὅτε
1705 1924 1820 1963 εἶπεν

1000 1971 1225 2019 Εὐρύμαχος
1247 1976 1293 2021 τῇ
1318 1973 1514 2032 Πηνελόπῃ
1542 1973 1605 2033 (σ’,
1628 1974 1730 2018 245),
1755 1973 1821 2015 ὥς·

999 2021 1042 2055 εἰ
1069 2021 1249 2062 πάντες
1288 2022 1336 2056 σὲ
1372 2023 1535 2058 ἴδοιεν
1565 2019 1624 2057 αν
1647 2019 1821 2056 Ἴασονι

988 2064 1143 2124 Ἀργος
1174 2066 1368 2111 Ἀχαιοὶ,
1399 2067 1548 2107 πλέονες
1575 2064 1623 2102 ἂν
1645 2065 1806 2111 μνηστῆ-

998 2126 1057 2157 ρες
1086 2113 1273 2158 εὑρεθεῖεν
1313 2114 1481 2149 ἐνταῦθα
1522 2114 1661 2155 ἕ,ωθεν
1701 2113 1803 2149 ἐπεὶ

996 2163 1214 2205 περίεσσι
1236 2161 1496 2205 γυναικῶν,
1520 2158 1695 2197 τοιοῦτόν
1718 2172 1804 2195 τινα

995 2209 1056 2242 και
1082 2208 1219 2249 ἐκεῖνος
1243 2207 1395 2242 ἔπαινον
1417 2208 1511 2252 ἔλεγε
1530 2208 1597 2252 τῆς
1613 2204 1804 2251 γυναικός,

994 2249 1127 2289 ὁποῖον
1150 2256 1212 2290 καὶ
1245 2252 1264 2289 ὃ
1295 2254 1504 2299 Τηλέμαχος
1535 2252 1705 2290 ἐνταῦθά
1729 2266 1803 2297 φη-

996 2311 1072 2335 σιν·
1109 2298 1283 2345 Ἀχαιϊς
1327 2300 1397 2346 γὰρ
1436 2301 1494 2345 γῆ
1525 2300 1684 2337 δύναται
1714 2312 1804 2357 νοη-

995 2348 1114 2404 θῆναι
1138 2349 1209 2382 νῦν
1234 2347 1255 2392 ἡ
1280 2347 1375 2382 κατὰ
1406 2347 1448 2383 τὸ
1485 2346 1603 2403 ρηθεν
1627 2346 1704 2382 ἐκεῖ
1715 2343 1804 2380 Ἴα-

995 2405 1077 2429 σον
1093 2391 1269 2439 ”Αργος,
1291 2394 1375 2439 περὶ
1398 2390 1419 2430 ὃ
1442 2395 1504 2430 και
1527 2408 1628 2440 χωρα
1651 2390 1675 2438 ἡ
1695 2393 1802 2433 ἰδίως

989 2438 1114 2484 Ἀχαΐα
1137 2441 1321 2485 λεγομένη.
1376 2442 1549 2475 recentius
1584 2451 1704 2475 aevum
1738 2449 1800 2472 sa-

995 2488 1111 2530 piunt,
1137 2499 1225 2532 quae
1248 2488 1352 2522 habet
1376 2490 1448 2522 Am.
1474 2488 1536 2529 Β.,
1560 2488 1666 2522 haec:
1696 2482 1802 2520 κατ’

989 2532 1061 2576 Ἀχ.
1086 2537 1244 2578 γαῖαν.
1285 2535 1435 2577 γενικῶς
1457 2533 1557 2576 εἶπε,
1590 2533 1652 2569 καὶ
1684 2527 1811 2573 αυθις,

993 2578 1082 2618 τούς
1118 2578 1411 2623 ἐπισημοτάτους
1449 2579 1589 2620 τόπους
1627 2577 1799 2634 ἐδήλωσε.

994 2627 1036 2660 cf.
1052 2637 1128 2659 ann.
1155 2628 1197 2659 ad
1223 2627 1261 2660 Il
1275 2624 1320 2671 β,
1344 2628 1421 2662 683
1440 2632 1476 2660 et
1496 2627 1553 2662 84.
1578 2645 1622 2653 —
1648 2625 1798 2669 ιερῆς.

902 2684 947 2715 ρ,
995 2684 1025 2708 v.
1050 2670 1091 2715 γ,
1125 2673 1203 2714 278,
1235 2673 1274 2706 ΙΙ.
1285 2671 1346 2716 α’,
1372 2675 1507 2708 38etc.
1541 2692 1588 2698 —
1624 2671 1796 2707 ἐπεὶ-

994 2715 1182 2753 ἄεθλον.
1232 2731 1263 2752 v.
1290 2720 1345 2754 73.

1041 2766 1117 2800 109.
1165 2765 1254 2798 haud
1295 2765 1421 2809 legitur
1454 2764 1509 2798 hic
1539 2774 1661 2797 versus
1686 2762 1720 2796 in
1753 2764 1794 2798 Α.

992 2812 1023 2844 2.
1048 2815 1083 2843 et
1106 2811 1139 2845 3.
1163 2817 1198 2845 et
1225 2811 1303 2845 MS.
1329 2812 1397 2845 Th.
1416 2810 1582 2854 Bendeji,
1607 2809 1796 2853 neglectus,

991 2857 1125 2901 opinor,
1149 2869 1170 2890 a
1193 2856 1345 2891 librariis
1369 2861 1512 2902 propter
1533 2855 1642 2889 simile
1662 2855 1796 2889 initium

989 2903 1234 2937 antecedentis.
1281 2909 1375 2937 certe
1394 2903 1510 2936 mirum
1531 2907 1646 2943 esset,
1669 2912 1797 2936 memo·-

989 2948 1074 2983 ratis
1121 2956 1318 2984 exterarum
1373 2949 1548 2983 nationum
1599 2947 1796 2983 mulieribus
