1821 3288
557 131 1141 175 ΟΔΤΣΣΕΙΑΣ
1203 134 1259 176 Ψ.

1653 136 1738 180 201

248 245 400 299 ,,μαῖα
430 242 558 317 φίλη,
593 241 785 298 χαλεπόν
813 252 860 286 σε
888 244 1009 286 θεῶν
1039 240 1341 299 αἰειγενετάων

251 301 385 372 δήνεα
414 301 639 354 εἴρυσθαι,
670 300 786 355 μάλα
819 315 900 353 περ
929 301 1167 371 πολυΐδριν
1197 300 1382 343 ἐοῦσαν·

249 355 346 401 ἀλλ’
374 357 510 412 ε’μπης
538 358 663 412 ίομεν
691 356 795 412 μετὰ
826 354 953 399 παῖδ’
982 355 1111 411 ἐμόν,
1121 355 1262 428 ὄφρα
1290 358 1453 412 ίδωμαι

246 413 417 469 ἄνδρας
445 417 695 469 μνηστῆρας
724 413 982 470 τεθνηότας,
1010 412 1086 469 ἠδ’
1117 411 1167 464 ὃς
1197 413 1426 469 εᾛπεφνεν“

299 526 461 561 convenit
485 527 646 573 Ulyssem
670 527 866 573 Penelope,
897 526 960 562 sed
983 526 1142 571 absistit,
1175 527 1330 571 incerta,
1369 525 1462 561 sitne
1486 527 1660 564 mendicus
1681 528 1741 564 ille

216 573 342 618 conjux
366 584 470 618 Silus,
495 584 538 608 an
561 585 639 608 non·

168 643 224 687 85

322 640 406 692 Ὡς
428 642 614 712 φαμένη
647 639 868 697 κατέβαιν’
899 639 1118 695 ὑπερώϊα·
1146 639 1286 685 πολλοὶ
1317 640 1365 684 δέ
1394 642 1440 686 οἱ
1467 645 1552 700 κῆρ

249 696 452 767 ὥρμαιν’,
482 697 510 754 ἢ
542 698 762 742 ἀπάνευθε
793 700 924 767 φίλον
954 697 1087 741 πόσιν
1117 698 1368 751 ἐξερεείνοι,

253 754 283 809 ἢ
314 759 542 809 παρστᾶσα
571 755 719 798 κύσειε
746 755 859 810 κάρη
888 755 963 797 καὶ
991 759 1104 808 χεῖρε
1135 757 1348 809 λαβοῦσα

250 811 279 882 ᾖ
313 810 356 855 δ’
389 812 478 855 ἐπεὶ
509 814 732 866 εἰσῆλθεν,
762 812 836 854 καὶ
865 809 1036 866 ὑπέρβη
1064 810 1220 853 λάϊνον
1250 811 1414 865 οὐδὸν,

253 868 361 921 ἕζετ’
393 868 523 912 ἔπειτ’
549 868 768 937 Οδυσῆος
795 867 995 910 ἐναντίον
1025 868 1071 910 ἐν
1101 867 1242 938 πυρὸς
1272 867 1434 938 αὐγῇ,

170 930 225 969 90
255 928 403 983 τοίχου
433 927 515 967 τοῦ
542 923 713 977 ἑτέρου·
745 923 769 967 6
804 922 846 966 δ’
878 923 965 977 ἄρα
995 922 1106 978 πρὸς
1134 926 1263 966 κίονα
1292 923 1469 981 μακρήν

253 983 360 1037 ἧστο
390 981 506 1023 κάτω
540 980 706 1048 ὁρόων,
735 980 1062 1034 ποτιδέγμενος,
1094 981 1136 1022 εί
1161 981 1202 1022 τί
1230 997 1306 1034 μιν
1337 983 1454 1025 είποι

255 1040 426 1111 ἰφθίμη
446 1038 725 1094 παράκοιτις,
756 1037 847 1080 επεὶ,
875 1039 969 1080 ι’δεν
1000 1035 1312 1097 ὀφθαλμοῖσιν.

251 1112 280 1165 η
313 1094 362 1137 δ’
399 1093 510 1137 ἄνεω
543 1094 625 1149 δην
653 1095 778 1149 ἡστο,
810 1093 949 1148 τάφος
980 1095 1027 1137 δέ
1058 1095 1102 1136 οἱ
1128 1098 1238 1150 ητορ
1269 1095 1439 1137 ι’κανεν·

254 1151 354 1201 ὄψει
386 1149 432 1194 δ’
465 1150 617 1194 ἄλλοτε
649 1150 729 1206 μέν
757 1167 833 1206 μιν
861 1151 1115 1201 ἐνωπαδίως
1143 1151 1383 1202 ἐσίδεσκεν,

171 1210 228 1255 95
258 1206 411 1252 ἄλλοτε
445 1206 491 1252 δ’
522 1206 801 1264 ἀγνώσασκε,
830 1208 942 1252 κακα
969 1209 1071 1265 χροῒ
1097 1206 1240 1264 εἶ”ματ
1270 1208 1440 1264 έχοντα.

85 1364 267 1422 λε’θρῳ,
301 1369 340 1401 ut
364 1367 533 1412 οἰκτίστῳ
561 1366 718 1414 θανάτῳ
743 1366 786 1410 λ’,
813 1367 895 1404 411.

86 1417 124 1447 et
151 1412 203 1455 ω’,
221 1403 282 1449 34.
309 1415 353 1448 cf.
377 1414 427 1458 μ’,
458 1406 526 1450 258
552 1421 619 1449 etc.
651 1433 695 1442 —
729 1412 894 1473 δήνεα,

86 1461 240 1494 consilia.
275 1458 321 1502 κ’,
346 1463 426 1502 289,
450 1461 489 1494 Il.
516 1459 560 1504 6',
584 1463 663 1496 361.
688 1479 734 1486 -—·
766 1461 896 1504 εἰρυ-

88 1508 227 1548 σθαι,
263 1507 527 1550 φυλάξασθαι,
567 1518 708 1549 cavere,
740 1507 797 1540 vel
832 1507 896 1540 im-

86 1552 221 1595 pedire.
268 1552 359 1586 infra
384 1556 461 1589 151.
487 1557 540 1587 est
562 1564 720 1594 servare,
744 1558 779 1587 et
803 1552 895 1587 simi-

85 1597 151 1632 lem
175 1609 307 1632 sensum
332 1599 437 1633 habet
453 1597 494 1643 γ’,
517 1599 619 1640 268.,
609 1612 618 1620 ·
644 1599 706 1633 sed
729 1610 895 1644 nusquam

85 1645 229 1689 γνῶναι
252 1645 325 1678 sive
349 1645 488 1681 εἰδέναι
520 1646 716 1690 significat,
750 1650 790 1679 ut
815 1657 896 1689 per-

86 1690 235 1724 suadere
257 1690 378 1726 volunt
400 1692 445 1734 E,
466 1694 545 1746 Ap,
572 1692 722 1736 Hesych.
743 1703 776 1724 v.
788 1692 896 1724 Schn.

87 1747 122 1770 v.
165 1735 358 1780 εἰρύομαι,
406 1744 443 1772 et
495 1737 652 1782 inprimis
700 1737 896 1770 Buttmann.

86 1782 200 1816 Lexil.
233 1785 289 1819 18.
321 1802 365 1807 —-
401 1784 562 1817 mendose
594 1783 697 1816 Sch.:
732 1786 851 1818 πολυ
867 1782 899 1817 ΐ-

89 1829 210 1872 δριν.
242 1831 467 1873 πολυπαθῆ,
489 1828 607 1864 πολλα
632 1829 788 1865 εἰδυῖαν.
814 1828 900 1863 scri-

47 1884 51 1886 ’
88 1875 208 1909 bamus
232 1876 474 1930 πολυπευθῆ,
510 1875 566 1909 cui
599 1874 783 1920 opponitur
809 1874 828 1909 6
856 1873 900 1909 οἶ-

89 1919 251 1965 πευθής.
275 1933 308 1955 v.
333 1918 377 1966 γ’,
404 1921 483 1957 184.
507 1943 550 1948 —
587 1921 748 1964 ιομεν,
775 1921 900 1964 ἰωμεν.

91 1985 137 1993 -
160 1980 277 2012 μετα
301 1966 446 2012 παῖδ’,
481 1968 534 2011 εἰς
556 1966 632 2003 sive
654 1965 748 2013 πρὸς
769 1968 900 2003 παῖδα.

89 2012 138 2060 β’,
162 2015 230 2050 206
253 2018 320 2049 etc.

136 2104 238 2141 85—
247 2105 312 2141 96..
351 2102 504 2141 πολλὰ
528 2123 571 2131 --
597 2102 820 2150 ὥρμαινε.
851 2104 898 2140 cf.

91 2150 138 2194 δ’,
165 2153 232 2188 120
254 2157 322 2185 etc.
352 2171 399 2177 -—-
432 2151 716 2195 ἐξερεείνοι,
748 2153 900 2185 interro-

91 2202 211 2244 garet.
256 2197 299 2242 κ’,
334 2198 379 2232 14
403 2203 469 2233 etc.
495 2217 540 2223 —
572 2196 734 2233 κύσειε
758 2216 802 2222 --
826 2199 899 2232 λα-

93 2245 258 2300 βοῦσα.
302 2254 338 2299 v:
362 2244 509 2299 2'3499,
535 2245 617 2279 500.
642 2244 813 2279 -Sch.·
850 2256 901 2278 εν

92 2288 248 2346 πυρὸς
279 2289 413 2336 αὐγῇ.
470 2289 510 2325 ἐν
547 2291 600 2346 τῷ
633 2288 899 2348 πεφωτισμένῳ

91 2335 194 2382 τόπῳ
217 2351 251 2372 κ.
274 2336 552 2393 πεφλόγισμένῳ
575 2335 649 2373 οἷπὸ
675 2338 745 2372 τοῦ
768 2335 899 2380 πυρός.

95 2381 138 2426 ζ,
159 2384 259 2419 305
286 2379 344 2439 Μή
355 2381 395 2418 6'
428 2384 538 2428 ἧσται
571 2381 633 2418 επ’
667 2380 825 2440 εσχάρῃ,
861 2380 902 2417 ἐν

94 2426 212 2473 πυρὸς
247 2426 355 2474 αὗγῆ.
386 2449 434 2454 -
479 2429 654 2475 τοίχου
694 2443 776 2466 του
810 2427 904 2464 ἑτέ-

95 2487 116 2519 ρ
131 2487 206 2516 ου,
239 2476 286 2510 ud
317 2477 464 2510 alterum
487 2476 563 2510 sive
586 2477 763 2510 adversum
785 2476 904 2519 parie-

97 2526 177 2556 tem.
200 2532 236 2553 v.
261 2522 301 2555 Il.
325 2520 361 2564 ι’,
385 2524 465 2557 219.
492 2534 566 2556 cum
591 2533 668 2557 ann.
679 2526 754 2563 ‚et
777 2521 904 2555 ibidem

141 2567 255 2608 ,598.
286 2586 332 2592 ·--
364 2571 505 2604 κίονα
538 2566 741 2624 μακρήν.
786 2579 819 2601 v.
855 2565 903 2608 α’,

98 2614 179 2655 127,
204 2611 257 2654 θ,
292 2615 337 2649 66
371 2619 436 2649 etc.
470 2634 516 2640 —
549 2611 687 2655 ἄνεω,
718 2614 836 2649 tacite.
867 2624 904 2648 v.

99 2670 179 2695 ann.
202 2659 247 2692 ad
277 2658 317 2692 Il.
343 2657 387 2703 β’,
423 2662 503 2696 323.
537 2680 582 2686 —-
621 2659 857 2717 τάφος-
873 2659 905 2694 ἵ-

98 2716 263 2747 κανεν,
289 2706 390 2750 υῖβ,
409 2707 487 2741 41.:
511 2706 667 2750 μάλιστα
692 2704 731 2741 δ’
757 2705 800 2748 ἐμ
844 2702 906 2739 ἄλ-

62 2776 68 2779 —
99 2764 164 2798 γος
189 2749 308 2785 ἱκάνει
341 2756 408 2785 etc.
434 2751 522 2786 idem
548 2765 568 2787 a
593 2758 824 2798 consequente
858 2752 906 2785 si-

99 2798 244 2844 gnificat
266 2795 308 2831 τό
334 2795 454 2854 τάφος
479 2798 598 2841 αἱρεῖν
620 2812 716 2839 τινα,
733 2799 828 2832 velut
852 2795 905 2842 φ’,

101 2846 201 2882 122..
225 2842 345 2888 τάφος
370 2841 411 2879 δ’
436 2842 491 2879 ἕλε
512 2844 654 2886 πάντας
675 2844 906 2882 ἰδόντας--

101 2889 381 2931 ἐνωπαδίως
406 2891 446 2924 Α.
466 2892 499 2925 3.
516 2897 551 2924 et
568 2892 646 2932 MS.
656 2892 779 2926 Thom.
802 2892 907 2924 Bent-

101 2935 171 2980 leji.
193 2937 317 2982 vulgo:
339 2935 562 2977 ἐ-πιδίως.
596 2938 651 2971 E:
676 2937 717 2973 τό
742 2936 782 2972 δε
801 2949 906 2972 ενω-

100 2983 277 3026 πιδίως
295 2981 378 3020 ἀντὶ
398 2983 466 3019 τοῦ
492 2980 577 3020 κατ’
599 2981 702 3030 ὄψιν,
727 2984 788 3021 ἱνα
812 2982 905 3029 λέγη,

940 1381 999 1404 οτι
1021 1366 1150 1404 ἄλλοτε
1175 1365 1244 1412 μεν
1274 1364 1555 1423 περιεργότερον
1584 1363 1749 1410 ἐντρανί-

941 1416 1056 1456 ζουσα
1097 1428 1129 1449 κ.
1173 1416 1462 1471 κατασκοποῦσα
1498 1411 1749 1457 ἐπεγίνωσκεν,

941 1461 1070 1496 αλλοτε
1096 1459 1138 1496 6'
1163 1459 1300 1505 η’γνόει.
1339 1461 1380 1496 τὸ
1407 1458 1448 1495 δὲ
1479 1458 1750 1502 ἐνωπιδίως

940 1506 1124 1564 γράφεται
1163 1506 1322 1551 μάλιστα
1365 1506 1671 1547 ἐνωπαδίως.
1703 1524 1751 1531 --

942 1555 1044 1587 Sch.:
1069 1551 1354 1599 ἀγνώσασκε.
1387 1550 1525 1608 ἠγνόει..
1571 1552 1620 1586 ibi
1644 1553 1752 1588 Butt-

941 1611 1103 1635 mannus·
1139 1600 1230 1641 „Sic
1253 1600 1308 1634 ed.
1337 1605 1408 1634 ant.
1420 1625 1430 1642 ‚
1467 1600 1564 1643 cujus
1595 1598 1750 1644 quamvis

941 1646 977 1680 in
1001 1646 1127 1680 talibus
1151 1647 1243 1680 nulla
1266 1646 1312 1680 sit
1343 1645 1556 1686 auctoritas,
1591 1651 1672 1679 utar
1695 1649 1751 1679 ta-

942 1704 1018 1728 men
1041 1693 1106 1726 hac
1130 1693 1330 1732 occasione,
1355 1697 1394 1726 ut
1414 1692 1502 1726 hanc
1522 1693 1664 1726 formam
1688 1691 1753 1726 ali-

945 1743 1071 1783 quanto
1102 1739 1212 1782 magis
1246 1738 1474 1772 commendem
1501 1749 1601 1783 quam
1626 1737 1694 1771 feci
1717 1737 1754 1772 in

945 1785 1099 1818 Gramm.
1138 1796 1214 1828 amp
1218 1784 1240 1818 l.
1255 1809 1265 1826 ,
1312 1788 1393 1818 nota
1435 1785 1497 1818 ult.
1540 1784 1584 1818 ad
1626 1784 1660 1827 ἕ.
1695 1783 1754 1820 94.

947 1830 1087 1875 Quippe
1112 1842 1130 1864 e
1155 1830 1256 1863 codd.
1282 1830 1422 1864 Homeri
1452 1830 1518 1864 hae
1542 1830 1755 1874 potissimum

945 1877 1138 1921 scripturae
1162 1880 1320 1909 enotatae
1353 1881 1453 1917 sunt,
1490 1887 1632 1921 quarum
1657 1882 1755 1911 utra-

947 1934 1014 1966 que
1038 1926 1130 1955 esset
1153 1923 1196 1955 ab
1222 1919 1420 1966 ἀγνώσσω,
1448 1933 1538 1967 quae
1561 1921 1659 1955 verbi
1682 1922 1755 1957 for-

946 1979 1000 2003 ma
1027 1979 1140 2012 neque
1165 1968 1324 2012 analogia
1346 1972 1462 2009 caret,
1497 1979 1610 2013 neque
1634 1974 1756 2003 aucto-

946 2013 1072 2048 ritate:
1104 2013 1184 2047 vide
1215 2015 1368 2059 Hesych.
1401 2015 1437 2048 in
1469 2025 1501 2048 v.
1513 2039 1524 2057 ‚
1560 2014 1672 2059 Etym.
1701 2014 1754 2049 M.

945 2071 981 2093 v.
1015 2057 1210 2104 ἆγριόσσω,
1254 2066 1290 2094 et
1321 2060 1495 2094 Simmiam
1537 2071 1593 2105 ap.
1627 2061 1754 2097 Tzetz,

945 2104 1201 2150 Chi1.7,144.
1249 2106 1361 2150 Hujus
1388 2113 1501 2141 autem
1525 2107 1624 2140 verbi
1644 2107 1757 2142 forma

944 2151 980 2185 in
1006 2163 1084 2187 εσκε
1109 2156 1162 2185 est
1189 2152 1429 2198 Imperfectum
1453 2152 1673 2195 iterativum,
1705 2154 1758 2188 al-

944 2202 1022 2232 tera
1044 2199 1080 2232 in
1104 2210 1211 2240 ασκε,
1247 2203 1284 2232 ut
1316 2210 1358 2232 ex
1391 2199 1551 2243 analogia
1573 2199 1756 2235 verborum

945 2243 1141 2286 ῥίπτασκε,
1164 2242 1372 2289 κρύπτασκε
1394 2245 1638 2287 demonstravi,
1662 2246 1756 2280 aori-

945 2295 1018 2324 stus
1050 2291 1246 2326 iterativus.
1293 2292 1368 2326 Jam
1401 2290 1630 2346 άγνιόσσεσκε
1663 2296 1757 2328 esset

946 2337 1099 2392 repetita
1122 2337 1214 2371 actio
1246 2337 1392 2380 durans,
1427 2342 1467 2372 ut
1497 2336 1758 2381 θαυμάζεσκον

948 2378 1110 2424 ἅπαντες
1132 2380 1174 2425 τ,
1198 2385 1279 2418 229.
1315 2385 1466 2428 (quoties
1489 2385 1666 2425 viderent,
1690 2386 1758 2419 ad-

948 2430 1196 2474 mirabantur),
1216 2429 1312 2465 ε’νθα
1334 2431 1424 2474 Ζηνὶ
1442 2430 1605 2474 ῥέζεσκον
1622 2429 1758 2474 Ἀχαιοὶ

949 2475 990 2508 Il.
1015 2475 1067 2519 θ’,
1093 2475 1196 2517 249.,
1221 2481 1257 2510 et
1277 2477 1423 2511 similia.
1449 2478 1507 2511 hic
1527 2483 1641 2511 autem
1663 2477 1757 2513 intra

949 2521 1057 2554 breve
1090 2522 1239 2567 spatium
1273 2523 1448 2568 Penelope
1483 2523 1620 2567 saepius
1643 2522 1758 2559 intue-

951 2571 1009 2600 tur
1031 2568 1210 2612 Ulyssem,
1243 2569 1382 2614 saepius
1413 2579 1489 2604 esse
1519 2570 1611 2602 illum
1639 2573 1757 2614 negat.

952 2613 1071 2653 Quare
1094 2614 1185 2648 sicut
1207 2614 1388 2656 ἐσίδεσκε,
1423 2615 1474 2649 ita
1503 2614 1646 2648 alterum
1670 2627 1758 2660 quo-

951 2670 1019 2703 que
1042 2660 1182 2694 verbum
1208 2662 1252 2694 ab
1278 2661 1406 2695 aoristo
1440 2661 1607 2694 formasse
1632 2666 1757 2705 putan-

951 2706 1017 2739 dus
1051 2711 1105 2739 est
1141 2709 1255 2751 poeta.
1308 2707 1419 2740 Recte
1448 2705 1556 2750 igitur
1590 2707 1758 2743 adhaere-

951 2762 1024 2785 mus
1049 2752 1099 2785 illi
1124 2765 1167 2786 ex
1195 2752 1402 2796 antiquitate
1431 2752 1652 2787 transmissae
1682 2754 1758 2788 for-

951 2809 1027 2831 mae
1049 2798 1084 2831 in
1108 2810 1207 2833 ασκε.
1253 2798 1324 2832 Sed
1356 2798 1387 2832 si
1422 2798 1584 2832 aoristum
1615 2805 1758 2844 praetu-

951 2843 1015 2884 lit,
1040 2856 1106 2878 non
1131 2850 1299 2898 apparet,
1336 2855 1397 2878 cur
1431 2845 1571 2878 formam
1595 2846 1695 2880 verbi
1717 2857 1758 2880 a-

950 2889 1016 2923 lias
1039 2901 1175 2934 semper
1199 2890 1265 2924 sibi
1288 2890 1447 2925 usitatam
1473 2888 1642 2934 ἀγνοεῖν,
1664 2892 1756 2927 unde

951 2939 1048 2970 recte
1070 2937 1178 2970 fiebat
1199 2934 1383 2982 ἠγνόησα,
1413 2935 1685 2983 ήγνοήσασκον,
1704 2937 1756 2973 ά-

951 2981 1181 3028 γνώσασκον,
1224 2983 1290 3018 hoc
1328 2994 1396 3020 uno
1439 2984 1515 3020 loco
1549 2983 1754 3021 deseruerit.
