<?xml version="1.0" encoding="UTF-8"?>
<!DOCTYPE html PUBLIC "-//W3C//DTD XHTML 1.0 Transitional//EN"
    "http://www.w3.org/TR/xhtml1/DTD/xhtml1-transitional.dtd">
<html xmlns="http://www.w3.org/1999/xhtml" xml:lang="en" lang="en">
 <head>
  <title>
</title>
<meta http-equiv="Content-Type" content="text/html;charset=utf-8" />
  <meta name='ocr-system' content='tesseract 3.04.00' />
  <meta name='ocr-capabilities' content='ocr_page ocr_carea ocr_par ocr_line ocrx_word'/>
</head>
<body>
  <div class='ocr_page' id='page_1' title='image "./carmina05home/carmina05home_0055.png"; bbox 0 0 1821 3288; ppageno 0'>
   <div class='ocr_carea' id='block_1_1' title="bbox 530 113 1227 156">
    <p class='ocr_par' dir='ltr' id='par_1_1' title="bbox 530 113 1227 156">
     <span class='ocr_line' id='line_1_1' title="bbox 530 113 1227 156; baseline 0.001 -1"><span class='ocrx_word' id='word_1_1' title='bbox 530 113 1121 155; x_wconf 69' lang='grc' dir='ltr'><em>ΟΔΤΣΣΕΙΑΣ</em></span> <span class='ocrx_word' id='word_1_2' title='bbox 1173 116 1227 156; x_wconf 89' lang='grc' dir='ltr'><strong><em>Σ.</em></strong></span> 
     </span>
    </p>
   </div>
   <div class='ocr_carea' id='block_1_2' title="bbox 1654 120 1711 160">
    <p class='ocr_par' dir='ltr' id='par_1_2' title="bbox 1654 120 1711 160">
     <span class='ocr_line' id='line_1_2' title="bbox 1654 120 1711 160; baseline 0.018 -1"><span class='ocrx_word' id='word_1_3' title='bbox 1654 120 1711 160; x_wconf 76' lang='grc'><strong><em>53</em></strong></span> 
     </span>
    </p>
   </div>
   <div class='ocr_carea' id='block_1_3' title="bbox 100 219 1548 1068">
    <p class='ocr_par' dir='ltr' id='par_1_3' title="bbox 217 219 1328 335">
     <span class='ocr_line' id='line_1_3' title="bbox 219 219 1328 291; baseline -0.003 -23"><span class='ocrx_word' id='word_1_4' title='bbox 219 221 284 268; x_wconf 84' lang='grc' dir='ltr'><strong><em>οἷ’</em></strong></span> <span class='ocrx_word' id='word_1_5' title='bbox 315 219 432 276; x_wconf 84' lang='grc' dir='ltr'><strong><em>ὁρόω</em></strong></span> <span class='ocrx_word' id='word_1_6' title='bbox 462 226 713 279; x_wconf 78' lang='grc' dir='ltr'><strong><em>μνηστῆρας</em></strong></span> <span class='ocrx_word' id='word_1_7' title='bbox 744 221 975 266; x_wconf 68' lang='grc' dir='ltr'><strong><em>ἀτάσθαλα</em></strong></span> <span class='ocrx_word' id='word_1_8' title='bbox 1002 238 1328 291; x_wconf 86' lang='grc' dir='ltr'><strong><em>μηχανοωντας,</em></strong></span> 
     </span>
     <span class='ocr_line' id='line_1_4' title="bbox 216 277 1317 350; baseline -0.001 -25.999"><span class='ocrx_word' id='word_1_9' title='bbox 216 279 415 350; x_wconf 87' lang='grc' dir='ltr'><strong><em>κτήματα</em></strong></span> <span class='ocrx_word' id='word_1_10' title='bbox 446 281 688 332; x_wconf 78' lang='grc' dir='ltr'><strong><em>κείροντας,</em></strong></span> <span class='ocrx_word' id='word_1_11' title='bbox 720 279 795 322; x_wconf 80' lang='grc' dir='ltr'><strong><em>καὶ</em></strong></span> <span class='ocrx_word' id='word_1_12' title='bbox 824 278 1113 333; x_wconf 78' lang='grc' dir='ltr'><strong><em>ἀτιμάζοντας</em></strong></span> <span class='ocrx_word' id='word_1_13' title='bbox 1143 277 1317 323; x_wconf 86' lang='grc' dir='ltr'><strong><em>α’κοιτιν</em></strong></span> 
     </span>
    </p>

    <p class='ocr_par' dir='ltr' id='par_1_4' title="bbox 108 334 1508 618">
     <span class='ocr_line' id='line_1_5' title="bbox 108 334 1437 404; baseline 0 -24"><span class='ocrx_word' id='word_1_14' title='bbox 108 339 190 384; x_wconf 81' lang='grc'><strong><em>145</em></strong></span> <span class='ocrx_word' id='word_1_15' title='bbox 220 335 393 389; x_wconf 83' lang='grc' dir='ltr'><strong><em>ανδρὸς,</em></strong></span> <span class='ocrx_word' id='word_1_16' title='bbox 424 334 477 378; x_wconf 79' lang='grc' dir='ltr'><strong><em>ὃν</em></strong></span> <span class='ocrx_word' id='word_1_17' title='bbox 506 335 653 379; x_wconf 85' lang='grc' dir='ltr'><strong><em>ου’κέτι</em></strong></span> <span class='ocrx_word' id='word_1_18' title='bbox 681 335 795 392; x_wconf 82' lang='grc' dir='ltr'><strong><em>φημὶ</em></strong></span> <span class='ocrx_word' id='word_1_19' title='bbox 827 337 968 391; x_wconf 87' lang='grc' dir='ltr'><strong><em>φίλων</em></strong></span> <span class='ocrx_word' id='word_1_20' title='bbox 997 335 1071 379; x_wconf 84' lang='grc' dir='ltr'><strong><em>καὶ</em></strong></span> <span class='ocrx_word' id='word_1_21' title='bbox 1100 338 1309 404; x_wconf 79' lang='grc' dir='ltr'><strong><em>πατρίδος</em></strong></span> <span class='ocrx_word' id='word_1_22' title='bbox 1337 338 1437 393; x_wconf 86' lang='grc' dir='ltr'><strong><em>αἰἠς</em></strong></span> 
     </span>
     <span class='ocr_line' id='line_1_6' title="bbox 218 389 1508 464; baseline 0.001 -27"><span class='ocrx_word' id='word_1_23' title='bbox 218 395 365 463; x_wconf 86' lang='grc' dir='ltr'><strong><em>δηρὸν</em></strong></span> <span class='ocrx_word' id='word_1_24' title='bbox 386 390 666 444; x_wconf 69' lang='grc' dir='ltr'><strong><em>ἀπέσσεσθαι,</em></strong></span> <span class='ocrx_word' id='word_1_25' title='bbox 696 393 813 464; x_wconf 78' lang='grc' dir='ltr'><strong><em>μάλα</em></strong></span> <span class='ocrx_word' id='word_1_26' title='bbox 844 392 890 435; x_wconf 82' lang='grc' dir='ltr'><strong><em>δὲ</em></strong></span> <span class='ocrx_word' id='word_1_27' title='bbox 921 391 1089 446; x_wconf 87' lang='grc' dir='ltr'><strong><em>σχεδόν.</em></strong></span> <span class='ocrx_word' id='word_1_28' title='bbox 1119 389 1231 435; x_wconf 87' lang='grc' dir='ltr'><strong><em>αλλά</em></strong></span> <span class='ocrx_word' id='word_1_29' title='bbox 1263 404 1310 436; x_wconf 87' lang='grc' dir='ltr'><strong><em>σε</em></strong></span> <span class='ocrx_word' id='word_1_30' title='bbox 1339 395 1508 450; x_wconf 89' lang='grc' dir='ltr'><strong><em>δαίμων</em></strong></span> 
     </span>
     <span class='ocr_line' id='line_1_7' title="bbox 218 447 1285 505; baseline -0.001 -12"><span class='ocrx_word' id='word_1_31' title='bbox 218 447 365 493; x_wconf 80' lang='grc' dir='ltr'><strong><em>οἴκαδ’</em></strong></span> <span class='ocrx_word' id='word_1_32' title='bbox 394 447 671 504; x_wconf 76' lang='grc' dir='ltr'><em>ὑπεξαγάγοι,</em></span> <span class='ocrx_word' id='word_1_33' title='bbox 702 448 810 505; x_wconf 69' lang='grc' dir='ltr'><strong><em>μηδ’</em></strong></span> <span class='ocrx_word' id='word_1_34' title='bbox 842 447 1088 500; x_wconf 67' lang='grc' dir='ltr'><strong><em>ἀντιάσειας</em></strong></span> <span class='ocrx_word' id='word_1_35' title='bbox 1119 448 1285 505; x_wconf 80' lang='grc' dir='ltr'><strong><em>ἐκείνῳ,</em></strong></span> 
     </span>
     <span class='ocr_line' id='line_1_8' title="bbox 216 504 1279 576; baseline -0.001 -27"><span class='ocrx_word' id='word_1_36' title='bbox 216 505 377 549; x_wconf 78' lang='grc' dir='ltr'><strong><em>ὁππότε</em></strong></span> <span class='ocrx_word' id='word_1_37' title='bbox 407 506 635 576; x_wconf 67' lang='grc' dir='ltr'><strong><em>νοστήσειε</em></strong></span> <span class='ocrx_word' id='word_1_38' title='bbox 664 510 801 561; x_wconf 82' lang='grc' dir='ltr'><strong><em>φίλην</em></strong></span> <span class='ocrx_word' id='word_1_39' title='bbox 830 504 873 556; x_wconf 81' lang='grc' dir='ltr'><strong><em>ἐς</em></strong></span> <span class='ocrx_word' id='word_1_40' title='bbox 902 507 1094 559; x_wconf 80' lang='grc' dir='ltr'><strong><em>πατρίδα</em></strong></span> <span class='ocrx_word' id='word_1_41' title='bbox 1122 510 1279 559; x_wconf 78' lang='grc' dir='ltr'><strong><em>γαῖαν</em></strong></span> 
     </span>
     <span class='ocr_line' id='line_1_9' title="bbox 215 560 1180 630; baseline -0.001 -25"><span class='ocrx_word' id='word_1_42' title='bbox 215 562 269 605; x_wconf 81' lang='grc' dir='ltr'><strong><em>οὐ</em></strong></span> <span class='ocrx_word' id='word_1_43' title='bbox 300 563 385 630; x_wconf 73' lang='grc' dir='ltr'><strong><em>γάρ</em></strong></span> <span class='ocrx_word' id='word_1_44' title='bbox 419 561 635 617; x_wconf 71' lang='grc' dir='ltr'><strong><em>ἀναιμωτί</em></strong></span> <span class='ocrx_word' id='word_1_45' title='bbox 662 579 711 618; x_wconf 74' lang='grc' dir='ltr'><strong><em>γε</em></strong></span> <span class='ocrx_word' id='word_1_46' title='bbox 743 562 1068 616; x_wconf 79' lang='grc' dir='ltr'><strong><em>διακρινέεσθαι</em></strong></span> <span class='ocrx_word' id='word_1_47' title='bbox 1098 560 1180 605; x_wconf 81' lang='grc' dir='ltr'><strong><em>ὀΐω</em></strong></span> 
     </span>
    </p>

    <p class='ocr_par' dir='ltr' id='par_1_5' title="bbox 101 616 1446 689">
     <span class='ocr_line' id='line_1_10' title="bbox 101 616 1446 689; baseline -0.001 -25"><span class='ocrx_word' id='word_1_48' title='bbox 101 621 181 665; x_wconf 85' lang='grc'><strong><em>150</em></strong></span> <span class='ocrx_word' id='word_1_49' title='bbox 209 623 459 689; x_wconf 79' lang='grc' dir='ltr'><strong><em>μνηστῆρας</em></strong></span> <span class='ocrx_word' id='word_1_50' title='bbox 492 635 566 661; x_wconf 88' lang='grc' dir='ltr'><strong><em>και</em></strong></span> <span class='ocrx_word' id='word_1_51' title='bbox 595 624 752 672; x_wconf 85' lang='grc' dir='ltr'><strong><em>κεῖνον,</em></strong></span> <span class='ocrx_word' id='word_1_52' title='bbox 784 620 873 663; x_wconf 80' lang='grc' dir='ltr'><strong><em>ἐπεί</em></strong></span> <span class='ocrx_word' id='word_1_53' title='bbox 902 635 951 663; x_wconf 84' lang='grc' dir='ltr'><strong><em>κε</em></strong></span> <span class='ocrx_word' id='word_1_54' title='bbox 979 619 1204 673; x_wconf 75' lang='grc' dir='ltr'><strong><em>μέλαθρον</em></strong></span> <span class='ocrx_word' id='word_1_55' title='bbox 1232 616 1446 680; x_wconf 82' lang='grc' dir='ltr'><strong><em>υπέλθῃ.“</em></strong></span> 
     </span>
    </p>

    <p class='ocr_par' dir='ltr' id='par_1_6' title="bbox 277 674 1382 731">
     <span class='ocr_line' id='line_1_11' title="bbox 277 674 1382 731; baseline 0 -13"><span class='ocrx_word' id='word_1_56' title='bbox 277 676 361 725; x_wconf 75' lang='grc' dir='ltr'><strong><em>,Ως</em></strong></span> <span class='ocrx_word' id='word_1_57' title='bbox 391 674 520 728; x_wconf 86' lang='grc' dir='ltr'><strong><em>φάτο,</em></strong></span> <span class='ocrx_word' id='word_1_58' title='bbox 549 677 623 719; x_wconf 84' lang='grc' dir='ltr'><strong><em>καὶ</em></strong></span> <span class='ocrx_word' id='word_1_59' title='bbox 654 679 831 726; x_wconf 83' lang='grc' dir='ltr'><strong><em>σπείσας</em></strong></span> <span class='ocrx_word' id='word_1_60' title='bbox 862 676 979 718; x_wconf 78' lang='grc' dir='ltr'><strong><em>ἔπιεν</em></strong></span> <span class='ocrx_word' id='word_1_61' title='bbox 1009 675 1214 731; x_wconf 79' lang='grc' dir='ltr'><strong><em>μελιηδέα</em></strong></span> <span class='ocrx_word' id='word_1_62' title='bbox 1243 692 1382 726; x_wconf 91' lang='grc' dir='ltr'><strong><em>οινον,</em></strong></span> 
     </span>
    </p>

    <p class='ocr_par' dir='ltr' id='par_1_7' title="bbox 213 731 1364 787">
     <span class='ocr_line' id='line_1_12' title="bbox 213 731 1364 787; baseline 0 -12"><span class='ocrx_word' id='word_1_63' title='bbox 213 731 275 782; x_wconf 73' lang='grc' dir='ltr'><strong><em>ἄψ</em></strong></span> <span class='ocrx_word' id='word_1_64' title='bbox 306 731 350 775; x_wconf 81' lang='lat'><strong><em>6²</em></strong></span> <span class='ocrx_word' id='word_1_65' title='bbox 382 732 428 774; x_wconf 82' lang='grc' dir='ltr'><strong><em>ἐν</em></strong></span> <span class='ocrx_word' id='word_1_66' title='bbox 457 733 604 787; x_wconf 85' lang='grc' dir='ltr'><strong><em>χερσὶν</em></strong></span> <span class='ocrx_word' id='word_1_67' title='bbox 634 732 765 786; x_wconf 82' lang='grc' dir='ltr'><strong><em>εθηκε</em></strong></span> <span class='ocrx_word' id='word_1_68' title='bbox 796 731 929 781; x_wconf 83' lang='grc' dir='ltr'><strong><em>δέπας</em></strong></span> <span class='ocrx_word' id='word_1_69' title='bbox 958 732 1201 787; x_wconf 83' lang='grc' dir='ltr'><strong><em>κοσμήτορι</em></strong></span> <span class='ocrx_word' id='word_1_70' title='bbox 1231 735 1364 776; x_wconf 76' lang='grc' dir='ltr'><strong><em>λαῶν.</em></strong></span> 
     </span>
    </p>

    <p class='ocr_par' dir='ltr' id='par_1_8' title="bbox 100 783 1501 957">
     <span class='ocr_line' id='line_1_13' title="bbox 164 783 1354 845; baseline 0 -14"><span class='ocrx_word' id='word_1_71' title='bbox 164 788 183 811; x_wconf 73' lang='grc'>*</span> <span class='ocrx_word' id='word_1_72' title='bbox 213 787 350 841; x_wconf 80' lang='grc' dir='ltr'><strong><em>αὐτὰρ</em></strong></span> <span class='ocrx_word' id='word_1_73' title='bbox 381 787 402 831; x_wconf 86' lang='grc' dir='ltr'>ὁ</span> <span class='ocrx_word' id='word_1_74' title='bbox 434 792 489 845; x_wconf 86' lang='grc' dir='ltr'><strong><em>βῆ</em></strong></span> <span class='ocrx_word' id='word_1_75' title='bbox 522 788 594 831; x_wconf 80' lang='grc' dir='ltr'><strong><em>διὰ</em></strong></span> <span class='ocrx_word' id='word_1_76' title='bbox 626 790 762 844; x_wconf 75' lang='grc' dir='ltr'><strong><em>δῶμα,</em></strong></span> <span class='ocrx_word' id='word_1_77' title='bbox 793 789 927 842; x_wconf 90' lang='grc' dir='ltr'><strong><em>φίλον</em></strong></span> <span class='ocrx_word' id='word_1_78' title='bbox 955 788 1203 842; x_wconf 81' lang='grc' dir='ltr'><strong><em>τετιημένος</em></strong></span> <span class='ocrx_word' id='word_1_79' title='bbox 1230 783 1354 844; x_wconf 76' lang='grc' dir='ltr'><strong><em>ἦτορ,</em></strong></span> 
     </span>
     <span class='ocr_line' id='line_1_14' title="bbox 210 842 1426 914; baseline 0.001 -26"><span class='ocrx_word' id='word_1_80' title='bbox 210 843 461 897; x_wconf 77' lang='grc' dir='ltr'><strong><em>νευστάζων</em></strong></span> <span class='ocrx_word' id='word_1_81' title='bbox 490 849 680 914; x_wconf 81' lang='grc' dir='ltr'><strong><em>κεφαλῃ</em></strong></span> <span class='ocrx_word' id='word_1_82' title='bbox 714 844 768 899; x_wconf 78' lang='grc' dir='ltr'><strong><em>δή</em></strong></span> <span class='ocrx_word' id='word_1_83' title='bbox 797 843 882 899; x_wconf 73' lang='grc' dir='ltr'><strong><em>γάρ</em></strong></span> <span class='ocrx_word' id='word_1_84' title='bbox 913 843 1054 886; x_wconf 82' lang='grc' dir='ltr'><strong><em>κακόν</em></strong></span> <span class='ocrx_word' id='word_1_85' title='bbox 1084 843 1236 887; x_wconf 81' lang='grc' dir='ltr'><strong><em>ὄσσετο</em></strong></span> <span class='ocrx_word' id='word_1_86' title='bbox 1266 842 1426 912; x_wconf 82' lang='grc' dir='ltr'><strong><em>θυμός.</em></strong></span> 
     </span>
     <span class='ocr_line' id='line_1_15' title="bbox 100 898 1514 971; baseline 0 -26"><span class='ocrx_word' id='word_1_87' title='bbox 100 906 180 949; x_wconf 81' lang='lat'><strong><em>155</em></strong></span> <span class='ocrx_word' id='word_1_88' title='bbox 211 900 308 944; x_wconf 78' lang='grc' dir='ltr'><strong><em>ἀλλ’</em></strong></span> <span class='ocrx_word' id='word_1_89' title='bbox 340 900 442 944; x_wconf 79' lang='grc' dir='ltr'><strong><em>οὐδ’</em></strong></span> <span class='ocrx_word' id='word_1_90' title='bbox 473 899 533 950; x_wconf 79' lang='grc' dir='ltr'><strong><em>ὡς</em></strong></span> <span class='ocrx_word' id='word_1_91' title='bbox 562 900 674 970; x_wconf 81' lang='grc' dir='ltr'><strong><em>φύγε</em></strong></span> <span class='ocrx_word' id='word_1_92' title='bbox 704 905 834 971; x_wconf 84' lang='grc' dir='ltr'><strong><em>κῆρα,</em></strong></span> <span class='ocrx_word' id='word_1_93' title='bbox 863 899 1023 961; x_wconf 87' lang='grc' dir='ltr'><strong><em>πέδησε</em></strong></span> <span class='ocrx_word' id='word_1_94' title='bbox 1052 900 1098 943; x_wconf 81' lang='grc' dir='ltr'><strong><em>δὲ</em></strong></span> <span class='ocrx_word' id='word_1_95' title='bbox 1127 900 1200 943; x_wconf 87' lang='grc' dir='ltr'><strong><em>καὶ</em></strong></span> <span class='ocrx_word' id='word_1_96' title='bbox 1232 899 1311 944; x_wconf 87' lang='grc' dir='ltr'><strong><em>τὸν</em></strong></span> <span class='ocrx_word' id='word_1_97' title='bbox 1336 898 1514 957; x_wconf 79' lang='grc' dir='ltr'><strong><em>Ἀθηνη,</em></strong></span> 
     </span>
    </p>

    <p class='ocr_par' dir='ltr' id='par_1_9' title="bbox 154 955 1535 1068">
     <span class='ocr_line' id='line_1_16' title="bbox 154 955 1312 1030; baseline -0.001 -30"><span class='ocrx_word' id='word_1_98' title='bbox 154 961 178 986; x_wconf 85' lang='grc'>*</span> <span class='ocrx_word' id='word_1_99' title='bbox 214 958 465 1028; x_wconf 79' lang='grc' dir='ltr'><strong><em>Τηλεμάχου</em></strong></span> <span class='ocrx_word' id='word_1_100' title='bbox 495 956 581 1000; x_wconf 79' lang='grc' dir='ltr'><strong><em>ὑπὸ</em></strong></span> <span class='ocrx_word' id='word_1_101' title='bbox 611 958 730 1030; x_wconf 79' lang='grc' dir='ltr'><strong><em>χερσὶ</em></strong></span> <span class='ocrx_word' id='word_1_102' title='bbox 759 957 833 1000; x_wconf 91' lang='grc' dir='ltr'><strong><em>καὶ</em></strong></span> <span class='ocrx_word' id='word_1_103' title='bbox 861 955 975 1012; x_wconf 73' lang='grc' dir='ltr'><strong><em>ἔγχει·</em></strong></span> <span class='ocrx_word' id='word_1_104' title='bbox 1003 961 1074 1011; x_wconf 84' lang='grc' dir='ltr'><strong><em>ἰφι</em></strong></span> <span class='ocrx_word' id='word_1_105' title='bbox 1104 958 1312 1028; x_wconf 83' lang='grc' dir='ltr'><strong><em>δαμῆναι.</em></strong></span> 
     </span>
     <span class='ocr_line' id='line_1_17' title="bbox 152 1010 1548 1068; baseline -0.002 -10.92"><span class='ocrx_word' id='word_1_106' title='bbox 152 1014 269 1066; x_wconf 78' lang='grc' dir='ltr'><strong><em>*οἱψ</em></strong></span> <span class='ocrx_word' id='word_1_107' title='bbox 299 1012 340 1057; x_wconf 86' lang='grc' dir='ltr'><strong><em>δ’</em></strong></span> <span class='ocrx_word' id='word_1_108' title='bbox 373 1015 495 1065; x_wconf 85' lang='grc' dir='ltr'><strong><em>αὐτις</em></strong></span> <span class='ocrx_word' id='word_1_109' title='bbox 523 1012 623 1057; x_wconf 83' lang='grc' dir='ltr'><strong><em>κατ’</em></strong></span> <span class='ocrx_word' id='word_1_110' title='bbox 654 1012 730 1068; x_wconf 74' lang='grc' dir='ltr'><strong><em>ἄρ’</em></strong></span> <span class='ocrx_word' id='word_1_111' title='bbox 764 1013 872 1066; x_wconf 79' lang='grc' dir='ltr'><strong><em>ε’ζετ</em></strong></span> <span class='ocrx_word' id='word_1_112' title='bbox 903 1013 975 1056; x_wconf 80' lang='grc' dir='ltr'><strong><em>ἐπὶ</em></strong></span> <span class='ocrx_word' id='word_1_113' title='bbox 1003 1012 1193 1068; x_wconf 82' lang='grc' dir='ltr'><strong><em>θρόνου,</em></strong></span> <span class='ocrx_word' id='word_1_114' title='bbox 1217 1013 1346 1057; x_wconf 75' lang='grc' dir='ltr'><strong><em>ἔνθεν</em></strong></span> <span class='ocrx_word' id='word_1_115' title='bbox 1376 1010 1548 1067; x_wconf 78' lang='grc' dir='ltr'><strong><em>ανέστη.</em></strong></span> 
     </span>
    </p>
   </div>
   <div class='ocr_carea' id='block_1_4' title="bbox 257 1114 1701 1162">
    <p class='ocr_par' dir='ltr' id='par_1_10' title="bbox 257 1114 1701 1162">
     <span class='ocr_line' id='line_1_18' title="bbox 257 1114 1701 1162; baseline -0.001 -12"><span class='ocrx_word' id='word_1_116' title='bbox 257 1114 448 1162; x_wconf 82' lang='lat' dir='ltr'>procedere</span> <span class='ocrx_word' id='word_1_117' title='bbox 481 1115 605 1153; x_wconf 81' lang='lat' dir='ltr'>statuit</span> <span class='ocrx_word' id='word_1_118' title='bbox 626 1115 802 1162; x_wconf 83' lang='lat' dir='ltr'>Penelope</span> <span class='ocrx_word' id='word_1_119' title='bbox 832 1116 878 1151; x_wconf 82' lang='lat' dir='ltr'><strong><em>ad</em></strong></span> <span class='ocrx_word' id='word_1_120' title='bbox 902 1126 1050 1162; x_wconf 79' lang='lat' dir='ltr'>procos,</span> <span class='ocrx_word' id='word_1_121' title='bbox 1083 1127 1160 1151; x_wconf 85' lang='lat' dir='ltr'><strong><em>cum</em></strong></span> <span class='ocrx_word' id='word_1_122' title='bbox 1191 1115 1319 1151; x_wconf 87' lang='lat' dir='ltr'>animos</span> <span class='ocrx_word' id='word_1_123' title='bbox 1354 1126 1474 1150; x_wconf 87' lang='lat' dir='ltr'>eorum</span> <span class='ocrx_word' id='word_1_124' title='bbox 1501 1115 1701 1161; x_wconf 80' lang='lat' dir='ltr'>expertura,</span> 
     </span>
    </p>
   </div>
   <div class='ocr_carea' id='block_1_5' title="bbox 171 1162 627 1197">
    <p class='ocr_par' dir='ltr' id='par_1_11' title="bbox 171 1162 627 1197">
     <span class='ocr_line' id='line_1_19' title="bbox 171 1162 627 1197; baseline -0.005 0"><span class='ocrx_word' id='word_1_125' title='bbox 171 1165 242 1197; x_wconf 80' lang='lat' dir='ltr'>tum</span> <span class='ocrx_word' id='word_1_126' title='bbox 268 1163 484 1197; x_wconf 80' lang='lat' dir='ltr'><strong>admonitura</strong></span> <span class='ocrx_word' id='word_1_127' title='bbox 508 1162 627 1197; x_wconf 81' lang='lat' dir='ltr'>filiun.</span> 
     </span>
    </p>
   </div>
   <div class='ocr_carea' id='block_1_6' title="bbox 94 1227 1526 1516">
    <p class='ocr_par' dir='ltr' id='par_1_12' title="bbox 94 1227 1526 1516">
     <span class='ocr_line' id='line_1_20' title="bbox 277 1227 1526 1298; baseline 0.001 -26.009"><span class='ocrx_word' id='word_1_128' title='bbox 277 1233 352 1298; x_wconf 70' lang='lat' dir='ltr'><strong><em>Tr)</em></strong></span> <span class='ocrx_word' id='word_1_129' title='bbox 381 1228 534 1283; x_wconf 69' lang='lat'>6’1&#39;1&#39;9&#39;</span> <span class='ocrx_word' id='word_1_130' title='bbox 565 1230 633 1273; x_wconf 83' lang='grc' dir='ltr'><strong><em>επὶ</em></strong></span> <span class='ocrx_word' id='word_1_131' title='bbox 663 1230 794 1286; x_wconf 82' lang='grc' dir='ltr'><strong><em>φρεσὶ</em></strong></span> <span class='ocrx_word' id='word_1_132' title='bbox 823 1233 932 1287; x_wconf 80' lang='grc' dir='ltr'><strong><em>θῆκε</em></strong></span> <span class='ocrx_word' id='word_1_133' title='bbox 960 1229 1044 1275; x_wconf 77' lang='grc' dir='ltr'><strong><em>θεοὶ</em></strong></span> <span class='ocrx_word' id='word_1_134' title='bbox 1072 1232 1324 1286; x_wconf 75' lang='grc' dir='ltr'><strong><em>γλαυκῶπις</em></strong></span> <span class='ocrx_word' id='word_1_135' title='bbox 1350 1227 1526 1288; x_wconf 75' lang='grc' dir='ltr'><strong><em>Ἀθήνη,</em></strong></span> 
     </span>
     <span class='ocr_line' id='line_1_21' title="bbox 203 1285 1224 1358; baseline 0 -27"><span class='ocrx_word' id='word_1_136' title='bbox 203 1285 345 1343; x_wconf 78' lang='grc' dir='ltr'><strong><em>κούρῃ</em></strong></span> <span class='ocrx_word' id='word_1_137' title='bbox 374 1286 601 1341; x_wconf 84' lang='grc' dir='ltr'><strong><em>Ἰκαρίοιο,</em></strong></span> <span class='ocrx_word' id='word_1_138' title='bbox 630 1289 899 1358; x_wconf 81' lang='grc' dir='ltr'><strong><em>περίφρρονι</em></strong></span> <span class='ocrx_word' id='word_1_139' title='bbox 932 1289 1224 1344; x_wconf 84' lang='grc' dir='ltr'><strong><em>Πηνελοπείη,</em></strong></span> 
     </span>
     <span class='ocr_line' id='line_1_22' title="bbox 94 1342 1327 1412; baseline -0.001 -22"><span class='ocrx_word' id='word_1_140' title='bbox 94 1349 175 1389; x_wconf 87' lang='grc'><strong><em>160</em></strong></span> <span class='ocrx_word' id='word_1_141' title='bbox 203 1342 496 1400; x_wconf 79' lang='grc' dir='ltr'><strong><em>μνηστήρεσσι</em></strong></span> <span class='ocrx_word' id='word_1_142' title='bbox 525 1347 736 1412; x_wconf 79' lang='grc' dir='ltr'><strong><em>φανῆναι,</em></strong></span> <span class='ocrx_word' id='word_1_143' title='bbox 769 1344 887 1394; x_wconf 80' lang='grc' dir='ltr'><strong><em>ὅπως</em></strong></span> <span class='ocrx_word' id='word_1_144' title='bbox 915 1344 1112 1388; x_wconf 83' lang='grc' dir='ltr'><strong><em>πετασειε</em></strong></span> <span class='ocrx_word' id='word_1_145' title='bbox 1141 1347 1327 1399; x_wconf 77' lang='grc' dir='ltr'><strong><em>μάλιστα</em></strong></span> 
     </span>
     <span class='ocr_line' id='line_1_23' title="bbox 203 1399 1201 1471; baseline -0.002 -26"><span class='ocrx_word' id='word_1_146' title='bbox 203 1401 356 1455; x_wconf 80' lang='grc' dir='ltr'><strong><em>θυμὸν</em></strong></span> <span class='ocrx_word' id='word_1_147' title='bbox 382 1399 670 1471; x_wconf 83' lang='grc' dir='ltr'><strong><em>μνηστήρων,</em></strong></span> <span class='ocrx_word' id='word_1_148' title='bbox 687 1400 752 1444; x_wconf 82' lang='grc' dir='ltr'><strong><em>ἰδὲ</em></strong></span> <span class='ocrx_word' id='word_1_149' title='bbox 782 1401 992 1457; x_wconf 85' lang='grc' dir='ltr'><strong><em>τιμήεσσα</em></strong></span> <span class='ocrx_word' id='word_1_150' title='bbox 1021 1402 1201 1469; x_wconf 82' lang='grc' dir='ltr'><strong><em>γένοιτο</em></strong></span> 
     </span>
     <span class='ocr_line' id='line_1_24' title="bbox 155 1452 1402 1516; baseline 0 -15"><span class='ocrx_word' id='word_1_151' title='bbox 155 1461 372 1514; x_wconf 69' lang='grc' dir='ltr'><strong><em>1’μᾶλλον</em></strong></span> <span class='ocrx_word' id='word_1_152' title='bbox 400 1458 512 1512; x_wconf 85' lang='grc' dir='ltr'><strong><em>πρὸς</em></strong></span> <span class='ocrx_word' id='word_1_153' title='bbox 541 1455 697 1509; x_wconf 83' lang='grc' dir='ltr'><strong><em>πόσιός</em></strong></span> <span class='ocrx_word' id='word_1_154' title='bbox 728 1473 787 1509; x_wconf 85' lang='grc' dir='ltr'><strong><em>τε,</em></strong></span> <span class='ocrx_word' id='word_1_155' title='bbox 816 1459 890 1503; x_wconf 86' lang='grc' dir='ltr'><strong><em>καὶ</em></strong></span> <span class='ocrx_word' id='word_1_156' title='bbox 918 1459 1053 1510; x_wconf 83' lang='grc' dir='ltr'><strong><em>υἱέος,</em></strong></span> <span class='ocrx_word' id='word_1_157' title='bbox 1082 1458 1112 1516; x_wconf 78' lang='grc' dir='ltr'><em>ἢ</em></span> <span class='ocrx_word' id='word_1_158' title='bbox 1139 1455 1284 1514; x_wconf 81' lang='grc' dir='ltr'><strong><em>πάρος</em></strong></span> <span class='ocrx_word' id='word_1_159' title='bbox 1312 1452 1402 1514; x_wconf 83' lang='grc' dir='ltr'><strong><em>ἦεν.</em></strong></span> 
     </span>
    </p>
   </div>
   <div class='ocr_carea' id='block_1_7' title="bbox 11 1582 844 3015">
    <p class='ocr_par' dir='ltr' id='par_1_13' title="bbox 11 1582 844 2312">
     <span class='ocr_line' id='line_1_25' title="bbox 33 1582 844 1639; baseline 0.001 -19"><span class='ocrx_word' id='word_1_160' title='bbox 33 1603 79 1610; x_wconf 89' lang='grc'>-</span> <span class='ocrx_word' id='word_1_161' title='bbox 102 1582 200 1629; x_wconf 82' lang='grc' dir='ltr'><strong><em>οἷα,</em></strong></span> <span class='ocrx_word' id='word_1_162' title='bbox 236 1584 346 1626; x_wconf 77' lang='grc' dir='ltr'><strong><em>οἵως,</em></strong></span> <span class='ocrx_word' id='word_1_163' title='bbox 379 1583 678 1639; x_wconf 76' lang='lat' dir='ltr'><strong><em>quemadmodum.</em></strong></span> <span class='ocrx_word' id='word_1_164' title='bbox 722 1598 755 1619; x_wconf 86' lang='lat' dir='ltr'><strong><em>v.</em></strong></span> <span class='ocrx_word' id='word_1_165' title='bbox 794 1584 844 1630; x_wconf 81' lang='grc' dir='ltr'><strong><em>α’,</em></strong></span> 
     </span>
     <span class='ocr_line' id='line_1_26' title="bbox 31 1629 844 1686; baseline 0 -20"><span class='ocrx_word' id='word_1_166' title='bbox 31 1630 112 1666; x_wconf 83' lang='grc'><strong><em>410.</em></strong></span> <span class='ocrx_word' id='word_1_167' title='bbox 136 1651 183 1659; x_wconf 92' lang='lat'><strong><em>--</em></strong></span> <span class='ocrx_word' id='word_1_168' title='bbox 207 1631 354 1665; x_wconf 82' lang='lat' dir='ltr'>activum</span> <span class='ocrx_word' id='word_1_169' title='bbox 389 1629 747 1686; x_wconf 80' lang='grc' dir='ltr'><strong><em>μηχανόωντας</em></strong></span> <span class='ocrx_word' id='word_1_170' title='bbox 781 1634 844 1667; x_wconf 85' lang='lat' dir='ltr'><strong><em>eb-</em></strong></span> 
     </span>
     <span class='ocr_line' id='line_1_27' title="bbox 32 1677 843 1724; baseline 0.002 -13"><span class='ocrx_word' id='word_1_171' title='bbox 32 1677 167 1711; x_wconf 77' lang='lat' dir='ltr'>servari</span> <span class='ocrx_word' id='word_1_172' title='bbox 196 1677 296 1721; x_wconf 75' lang='lat' dir='ltr'>jubet</span> <span class='ocrx_word' id='word_1_173' title='bbox 319 1677 371 1718; x_wconf 72' lang='lat' dir='ltr'><strong><em>E,</em></strong></span> <span class='ocrx_word' id='word_1_174' title='bbox 406 1689 482 1711; x_wconf 87' lang='lat' dir='ltr'><strong><em>cum</em></strong></span> <span class='ocrx_word' id='word_1_175' title='bbox 509 1679 646 1721; x_wconf 84' lang='lat' dir='ltr'>passivo</span> <span class='ocrx_word' id='word_1_176' title='bbox 672 1678 759 1712; x_wconf 84' lang='lat' dir='ltr'>alias</span> <span class='ocrx_word' id='word_1_177' title='bbox 780 1691 843 1724; x_wconf 90' lang='lat' dir='ltr'>po-</span> 
     </span>
     <span class='ocr_line' id='line_1_28' title="bbox 33 1724 842 1779; baseline 0.005 -23"><span class='ocrx_word' id='word_1_178' title='bbox 33 1725 91 1757; x_wconf 64' lang='lat' dir='ltr'><strong><em>&amp;ta</em></strong></span> <span class='ocrx_word' id='word_1_179' title='bbox 113 1728 242 1757; x_wconf 77' lang='lat' dir='ltr'>utatur.</span> <span class='ocrx_word' id='word_1_180' title='bbox 267 1741 313 1750; x_wconf 93' lang='lat'>-</span> <span class='ocrx_word' id='word_1_181' title='bbox 335 1724 409 1779; x_wconf 56' lang='lat'><strong><em>&#39;2⁵⁶&#39;</em></strong></span> <span class='ocrx_word' id='word_1_182' title='bbox 421 1737 614 1769; x_wconf 75' lang='grc' dir='ltr'><strong><em>ροντας,</em></strong></span> <span class='ocrx_word' id='word_1_183' title='bbox 641 1730 842 1762; x_wconf 75' lang='lat' dir='ltr'>atterentes.</span> 
     </span>
     <span class='ocr_line' id='line_1_29' title="bbox 33 1767 839 1814; baseline 0.003 -10"><span class='ocrx_word' id='word_1_184' title='bbox 33 1767 80 1811; x_wconf 73' lang='grc' dir='ltr'><strong><em>α’,</em></strong></span> <span class='ocrx_word' id='word_1_185' title='bbox 103 1770 172 1805; x_wconf 89' lang='grc'><strong><em>378</em></strong></span> <span class='ocrx_word' id='word_1_186' title='bbox 190 1774 256 1803; x_wconf 84' lang='lat' dir='ltr'>etc.</span> <span class='ocrx_word' id='word_1_187' title='bbox 274 1789 320 1795; x_wconf 93' lang='lat'>—</span> <span class='ocrx_word' id='word_1_188' title='bbox 340 1767 589 1814; x_wconf 73' lang='grc' dir='ltr'><strong><em>ἀναιμωτὶ,</em></strong></span> <span class='ocrx_word' id='word_1_189' title='bbox 613 1772 686 1804; x_wconf 81' lang='lat' dir='ltr'>sine</span> <span class='ocrx_word' id='word_1_190' title='bbox 706 1783 839 1807; x_wconf 68' lang='lat' dir='ltr'>cruore.</span> 
     </span>
     <span class='ocr_line' id='line_1_30' title="bbox 32 1815 840 1860; baseline 0.002 -11"><span class='ocrx_word' id='word_1_191' title='bbox 32 1815 72 1849; x_wconf 80' lang='lat' dir='ltr'><strong><em>ll.</em></strong></span> <span class='ocrx_word' id='word_1_192' title='bbox 129 1815 235 1856; x_wconf 90' lang='grc'><strong><em>,363</em></strong></span> <span class='ocrx_word' id='word_1_193' title='bbox 250 1819 318 1850; x_wconf 81' lang='lat' dir='ltr'>etc.</span> <span class='ocrx_word' id='word_1_194' title='bbox 332 1837 377 1842; x_wconf 93' lang='lat'><strong><em>—-</em></strong></span> <span class='ocrx_word' id='word_1_195' title='bbox 400 1817 539 1860; x_wconf 83' lang='grc' dir='ltr'><strong><em>διακρ</em></strong></span> <span class='ocrx_word' id='word_1_196' title='bbox 550 1829 628 1858; x_wconf 87' lang='grc' dir='ltr'><strong><em>ιν.,</em></strong></span> <span class='ocrx_word' id='word_1_197' title='bbox 655 1818 840 1851; x_wconf 74' lang='lat' dir='ltr'><strong><em>diremtum</em></strong></span> 
     </span>
     <span class='ocr_line' id='line_1_31' title="bbox 33 1828 841 1907; baseline 0.004 -12"><span class='ocrx_word' id='word_1_198' title='bbox 33 1862 90 1895; x_wconf 82' lang='lat' dir='ltr'><strong><em>iri.</em></strong></span> <span class='ocrx_word' id='word_1_199' title='bbox 98 1828 161 1904; x_wconf 57' lang='grc' dir='ltr'><strong><em>ρἰἶ,</em></strong></span> <span class='ocrx_word' id='word_1_200' title='bbox 189 1862 265 1899; x_wconf 86' lang='grc'><strong><em>180,</em></strong></span> <span class='ocrx_word' id='word_1_201' title='bbox 299 1861 339 1895; x_wconf 88' lang='lat'><strong><em>11.</em></strong></span> <span class='ocrx_word' id='word_1_202' title='bbox 364 1859 408 1907; x_wconf 86' lang='grc' dir='ltr'><strong><em>β’,</em></strong></span> <span class='ocrx_word' id='word_1_203' title='bbox 432 1864 501 1898; x_wconf 87' lang='grc'><strong><em>387</em></strong></span> <span class='ocrx_word' id='word_1_204' title='bbox 524 1867 590 1896; x_wconf 85' lang='lat' dir='ltr'>etc.</span> <span class='ocrx_word' id='word_1_205' title='bbox 615 1882 659 1888; x_wconf 93' lang='lat'><strong><em>—-</em></strong></span> <span class='ocrx_word' id='word_1_206' title='bbox 693 1860 841 1898; x_wconf 79' lang='grc' dir='ltr'><strong><em>ὑπέλ-</em></strong></span> 
     </span>
     <span class='ocr_line' id='line_1_32' title="bbox 33 1906 841 1964; baseline 0.001 -22"><span class='ocrx_word' id='word_1_207' title='bbox 33 1910 108 1954; x_wconf 79' lang='grc' dir='ltr'><strong><em>θῃ,</em></strong></span> <span class='ocrx_word' id='word_1_208' title='bbox 132 1907 284 1940; x_wconf 80' lang='lat' dir='ltr'>subierit.</span> <span class='ocrx_word' id='word_1_209' title='bbox 309 1908 363 1941; x_wconf 92' lang='grc' dir='ltr'><strong><em>Ε.</em></strong></span> <span class='ocrx_word' id='word_1_210' title='bbox 387 1907 427 1942; x_wconf 83' lang='grc' dir='ltr'><strong><em>τὸ</em></strong></span> <span class='ocrx_word' id='word_1_211' title='bbox 455 1907 496 1944; x_wconf 79' lang='grc' dir='ltr'><strong><em>δὲ</em></strong></span> <span class='ocrx_word' id='word_1_212' title='bbox 520 1906 724 1964; x_wconf 77' lang='grc' dir='ltr'><strong><em>ὑπέλθοι</em></strong></span> <span class='ocrx_word' id='word_1_213' title='bbox 747 1910 841 1952; x_wconf 79' lang='lat' dir='ltr'>(vul-</span> 
     </span>
     <span class='ocr_line' id='line_1_33' title="bbox 31 1953 838 2045; baseline 0.005 -13"><span class='ocrx_word' id='word_1_214' title='bbox 31 1959 118 2033; x_wconf 61' lang='grc' dir='ltr'><strong><em>ιιι</em></strong></span> <span class='ocrx_word' id='word_1_215' title='bbox 131 1953 838 2045; x_wconf 49' lang='grc' dir='ltr'><strong><em>ι’[ιῑιιιιῑθη</em></strong></span> 
     </span>
     <span class='ocr_line' id='line_1_34' title="bbox 11 2046 840 2092; baseline 0.001 -12"><span class='ocrx_word' id='word_1_216' title='bbox 11 2047 100 2080; x_wconf 63' lang='grc' dir='ltr'><strong><em>’θοι</em></strong></span> <span class='ocrx_word' id='word_1_217' title='bbox 122 2048 238 2080; x_wconf 81' lang='grc' dir='ltr'><strong><em>κεῖται</em></strong></span> <span class='ocrx_word' id='word_1_218' title='bbox 263 2051 329 2079; x_wconf 85' lang='lat' dir='ltr'>etc.</span> <span class='ocrx_word' id='word_1_219' title='bbox 363 2057 446 2080; x_wconf 84' lang='lat' dir='ltr'>sane</span> <span class='ocrx_word' id='word_1_220' title='bbox 480 2046 536 2080; x_wconf 88' lang='lat' dir='ltr'><strong><em>hic</em></strong></span> <span class='ocrx_word' id='word_1_221' title='bbox 570 2059 639 2081; x_wconf 89' lang='lat' dir='ltr'><strong><em>non</em></strong></span> <span class='ocrx_word' id='word_1_222' title='bbox 663 2047 840 2092; x_wconf 76' lang='lat' dir='ltr'>significa-</span> 
     </span>
     <span class='ocr_line' id='line_1_35' title="bbox 30 2091 838 2137; baseline 0.001 -11"><span class='ocrx_word' id='word_1_223' title='bbox 30 2096 89 2126; x_wconf 82' lang='lat' dir='ltr'><strong><em>tm-</em></strong></span> <span class='ocrx_word' id='word_1_224' title='bbox 111 2091 347 2126; x_wconf 80' lang='lat' dir='ltr'>clandestinus</span> <span class='ocrx_word' id='word_1_225' title='bbox 367 2092 553 2137; x_wconf 85' lang='lat' dir='ltr'>adventus,</span> <span class='ocrx_word' id='word_1_226' title='bbox 583 2094 645 2127; x_wconf 91' lang='lat' dir='ltr'><strong><em>sed</em></strong></span> <span class='ocrx_word' id='word_1_227' title='bbox 669 2096 736 2127; x_wconf 83' lang='lat' dir='ltr'><strong><em>adv</em></strong></span> <span class='ocrx_word' id='word_1_228' title='bbox 740 2099 838 2128; x_wconf 86' lang='lat' dir='ltr'>entus</span> 
     </span>
     <span class='ocr_line' id='line_1_36' title="bbox 31 2137 838 2182; baseline 0.004 -12"><span class='ocrx_word' id='word_1_229' title='bbox 31 2137 256 2182; x_wconf 84' lang='lat' dir='ltr'>simpliciter,</span> <span class='ocrx_word' id='word_1_230' title='bbox 292 2138 442 2182; x_wconf 75' lang='grc' dir='ltr'><strong><em>ΠΙ)55Ῑ5,</em></strong></span> <span class='ocrx_word' id='word_1_231' title='bbox 479 2145 520 2173; x_wconf 84' lang='lat' dir='ltr'>ut</span> <span class='ocrx_word' id='word_1_232' title='bbox 551 2139 652 2173; x_wconf 86' lang='lat' dir='ltr'>etiam</span> <span class='ocrx_word' id='word_1_233' title='bbox 689 2140 838 2174; x_wconf 82' lang='lat' dir='ltr'>Clarkeo</span> 
     </span>
     <span class='ocr_line' id='line_1_37' title="bbox 31 2184 840 2230; baseline 0.002 -12"><span class='ocrx_word' id='word_1_234' title='bbox 31 2184 142 2218; x_wconf 81' lang='lat' dir='ltr'>visum</span> <span class='ocrx_word' id='word_1_235' title='bbox 166 2188 232 2225; x_wconf 83' lang='lat' dir='ltr'>est,</span> <span class='ocrx_word' id='word_1_236' title='bbox 256 2195 322 2217; x_wconf 91' lang='lat' dir='ltr'><strong><em>non</em></strong></span> <span class='ocrx_word' id='word_1_237' title='bbox 345 2185 427 2218; x_wconf 86' lang='lat' dir='ltr'>item</span> <span class='ocrx_word' id='word_1_238' title='bbox 454 2185 630 2230; x_wconf 75' lang='lat' dir='ltr'>Stephano</span> <span class='ocrx_word' id='word_1_239' title='bbox 655 2191 690 2220; x_wconf 85' lang='lat' dir='ltr'><strong><em>et</em></strong></span> <span class='ocrx_word' id='word_1_240' title='bbox 707 2186 840 2220; x_wconf 84' lang='lat' dir='ltr'>Barne-</span> 
     </span>
     <span class='ocr_line' id='line_1_38' title="bbox 31 2229 838 2277; baseline 0.005 -14"><span class='ocrx_word' id='word_1_241' title='bbox 31 2229 94 2271; x_wconf 74' lang='grc' dir='ltr'><strong><em>εἷο,</em></strong></span> <span class='ocrx_word' id='word_1_242' title='bbox 117 2229 178 2263; x_wconf 73' lang='lat' dir='ltr'><strong><em>sed</em></strong></span> <span class='ocrx_word' id='word_1_243' title='bbox 202 2230 298 2264; x_wconf 88' lang='lat' dir='ltr'>male.</span> <span class='ocrx_word' id='word_1_244' title='bbox 322 2249 367 2255; x_wconf 89' lang='lat'>—</span> <span class='ocrx_word' id='word_1_245' title='bbox 401 2231 670 2277; x_wconf 73' lang='grc' dir='ltr'><strong><em>κοσμήτορι</em></strong></span> <span class='ocrx_word' id='word_1_246' title='bbox 702 2234 838 2268; x_wconf 80' lang='grc' dir='ltr'><strong><em>λαῶν.</em></strong></span> 
     </span>
     <span class='ocr_line' id='line_1_39' title="bbox 30 2274 312 2316; baseline -0.007 -6"><span class='ocrx_word' id='word_1_247' title='bbox 30 2275 74 2311; x_wconf 85' lang='lat' dir='ltr'><strong><em>ll.</em></strong></span> <span class='ocrx_word' id='word_1_248' title='bbox 99 2274 146 2316; x_wconf 84' lang='grc' dir='ltr'><strong><em>α’,</em></strong></span> <span class='ocrx_word' id='word_1_249' title='bbox 171 2278 216 2312; x_wconf 88' lang='grc'><strong><em>16</em></strong></span> <span class='ocrx_word' id='word_1_250' title='bbox 246 2282 312 2309; x_wconf 87' lang='lat' dir='ltr'>etc.</span> 
     </span>
    </p>

    <p class='ocr_par' dir='ltr' id='par_1_14' title="bbox 29 2301 839 2678">
     <span class='ocr_line' id='line_1_40' title="bbox 78 2301 839 2367; baseline 0.003 -10"><span class='ocrx_word' id='word_1_251' title='bbox 78 2301 156 2358; x_wconf 77' lang='lat'><strong><em>153&#39;.</em></strong></span> <span class='ocrx_word' id='word_1_252' title='bbox 180 2327 260 2367; x_wconf 86' lang='lat' dir='ltr'>post</span> <span class='ocrx_word' id='word_1_253' title='bbox 279 2323 371 2356; x_wconf 85' lang='lat' dir='ltr'>hunc</span> <span class='ocrx_word' id='word_1_254' title='bbox 387 2334 522 2357; x_wconf 87' lang='lat' dir='ltr'>versum</span> <span class='ocrx_word' id='word_1_255' title='bbox 541 2322 744 2359; x_wconf 83' lang='lat' dir='ltr'>inserendus</span> <span class='ocrx_word' id='word_1_256' title='bbox 762 2335 839 2359; x_wconf 88' lang='lat' dir='ltr'>esse</span> 
     </span>
     <span class='ocr_line' id='line_1_41' title="bbox 30 2366 838 2412; baseline 0.002 -10"><span class='ocrx_word' id='word_1_257' title='bbox 30 2366 168 2402; x_wconf 79' lang='lat' dir='ltr'>videtur</span> <span class='ocrx_word' id='word_1_258' title='bbox 198 2369 295 2409; x_wconf 87' lang='grc'><strong><em>157.,</em></strong></span> <span class='ocrx_word' id='word_1_259' title='bbox 336 2370 390 2402; x_wconf 78' lang='lat' dir='ltr'><strong><em>vel</em></strong></span> <span class='ocrx_word' id='word_1_260' title='bbox 433 2368 619 2412; x_wconf 81' lang='lat' dir='ltr'>delendus3</span> <span class='ocrx_word' id='word_1_261' title='bbox 660 2371 722 2405; x_wconf 88' lang='lat' dir='ltr'><strong><em>sed</em></strong></span> <span class='ocrx_word' id='word_1_262' title='bbox 754 2371 838 2404; x_wconf 86' lang='lat' dir='ltr'>illud</span> 
     </span>
     <span class='ocr_line' id='line_1_42' title="bbox 29 2413 838 2473; baseline 0.004 -26"><span class='ocrx_word' id='word_1_263' title='bbox 29 2413 154 2456; x_wconf 85' lang='lat' dir='ltr'>malim,</span> <span class='ocrx_word' id='word_1_264' title='bbox 180 2414 336 2458; x_wconf 77' lang='lat' dir='ltr'>quoniam</span> <span class='ocrx_word' id='word_1_265' title='bbox 364 2415 544 2449; x_wconf 89' lang='lat' dir='ltr'>dicendum</span> <span class='ocrx_word' id='word_1_266' title='bbox 568 2417 652 2458; x_wconf 81' lang='lat' dir='ltr'>suit,</span> <span class='ocrx_word' id='word_1_267' title='bbox 684 2428 746 2473; x_wconf 45' lang='lat' dir='ltr'><strong><em>cu‘r</em></strong></span> <span class='ocrx_word' id='word_1_268' title='bbox 771 2417 838 2450; x_wconf 88' lang='lat' dir='ltr'>do·-</span> 
     </span>
     <span class='ocr_line' id='line_1_43' title="bbox 32 2443 837 2506; baseline 0.002 -12"><span class='ocrx_word' id='word_1_269' title='bbox 32 2471 119 2494; x_wconf 86' lang='lat' dir='ltr'><strong><em>mum</em></strong></span> <span class='ocrx_word' id='word_1_270' title='bbox 143 2459 336 2494; x_wconf 68' lang='lat' dir='ltr'>transiisset</span> <span class='ocrx_word' id='word_1_271' title='bbox 349 2461 594 2505; x_wconf 71' lang='lat' dir='ltr'>Amphinomus</span> <span class='ocrx_word' id='word_1_272' title='bbox 613 2443 678 2506; x_wconf 81' lang='lat' dir='ltr'><strong>(o’f</strong></span> <span class='ocrx_word' id='word_1_273' title='bbox 703 2462 745 2503; x_wconf 86' lang='lat' dir='ltr'><strong><em>o‘‚</em></strong></span> <span class='ocrx_word' id='word_1_274' title='bbox 770 2463 837 2498; x_wconf 68' lang='lat'><strong><em>328</em></strong></span> 
     </span>
     <span class='ocr_line' id='line_1_44' title="bbox 32 2505 838 2554; baseline 0.004 -14"><span class='ocrx_word' id='word_1_275' title='bbox 32 2523 79 2531; x_wconf 90' lang='grc'><strong><em>·-</em></strong></span> <span class='ocrx_word' id='word_1_276' title='bbox 100 2505 208 2549; x_wconf 81' lang='grc'><strong><em>334),</em></strong></span> <span class='ocrx_word' id='word_1_277' title='bbox 240 2506 314 2540; x_wconf 88' lang='lat' dir='ltr'>scil.</span> <span class='ocrx_word' id='word_1_278' title='bbox 342 2508 525 2551; x_wconf 85' lang='lat' dir='ltr'>repetitum</span> <span class='ocrx_word' id='word_1_279' title='bbox 551 2508 692 2549; x_wconf 85' lang='lat' dir='ltr'>sellam,</span> <span class='ocrx_word' id='word_1_280' title='bbox 724 2521 744 2543; x_wconf 91' lang='lat' dir='ltr'><strong><em>e</em></strong></span> <span class='ocrx_word' id='word_1_281' title='bbox 769 2519 838 2554; x_wconf 89' lang='lat' dir='ltr'><strong><em>qua</em></strong></span> 
     </span>
     <span class='ocr_line' id='line_1_45' title="bbox 33 2553 838 2613; baseline 0.005 -29"><span class='ocrx_word' id='word_1_282' title='bbox 33 2556 242 2593; x_wconf 81' lang='lat' dir='ltr'>surrexerat,</span> <span class='ocrx_word' id='word_1_283' title='bbox 267 2553 422 2597; x_wconf 86' lang='lat' dir='ltr'>poculum</span> <span class='ocrx_word' id='word_1_284' title='bbox 439 2554 622 2613; x_wconf 74' lang='lat' dir='ltr'>porrigens</span> <span class='ocrx_word' id='word_1_285' title='bbox 639 2554 766 2598; x_wconf 88' lang='lat' dir='ltr'>Ulyssi.</span> <span class='ocrx_word' id='word_1_286' title='bbox 792 2555 838 2589; x_wconf 84' lang='lat' dir='ltr'><strong><em>cf.</em></strong></span> 
     </span>
     <span class='ocr_line' id='line_1_46' title="bbox 29 2596 839 2646; baseline 0.001 -12"><span class='ocrx_word' id='word_1_287' title='bbox 29 2596 75 2641; x_wconf 82' lang='grc' dir='ltr'><strong><em>ρ’,</em></strong></span> <span class='ocrx_word' id='word_1_288' title='bbox 98 2598 178 2634; x_wconf 74' lang='lat'>602.</span> <span class='ocrx_word' id='word_1_289' title='bbox 209 2615 256 2627; x_wconf 80' lang='lat'><strong><em>-··</em></strong></span> <span class='ocrx_word' id='word_1_290' title='bbox 287 2599 433 2644; x_wconf 82' lang='grc' dir='ltr'><strong><em>φίλον</em></strong></span> <span class='ocrx_word' id='word_1_291' title='bbox 463 2613 497 2636; x_wconf 81' lang='grc' dir='ltr'><strong><em>τ.</em></strong></span> <span class='ocrx_word' id='word_1_292' title='bbox 529 2597 656 2646; x_wconf 83' lang='grc' dir='ltr'><strong><em>ἦτορ.</em></strong></span> <span class='ocrx_word' id='word_1_293' title='bbox 693 2600 740 2644; x_wconf 86' lang='grc' dir='ltr'><strong><em>α’,</em></strong></span> <span class='ocrx_word' id='word_1_294' title='bbox 769 2601 839 2637; x_wconf 88' lang='grc'><strong><em>114</em></strong></span> 
     </span>
     <span class='ocr_line' id='line_1_47' title="bbox 30 2649 98 2678; baseline 0 0"><span class='ocrx_word' id='word_1_295' title='bbox 30 2649 98 2678; x_wconf 86' lang='lat' dir='ltr'>etc.</span> 
     </span>
    </p>

    <p class='ocr_par' dir='ltr' id='par_1_15' title="bbox 15 2687 842 3015">
     <span class='ocr_line' id='line_1_48' title="bbox 79 2687 840 2738; baseline 0.001 -13"><span class='ocrx_word' id='word_1_296' title='bbox 79 2687 158 2731; x_wconf 86' lang='grc'><strong><em>154,</em></strong></span> <span class='ocrx_word' id='word_1_297' title='bbox 172 2690 216 2725; x_wconf 85' lang='grc'><strong><em>5.</em></strong></span> <span class='ocrx_word' id='word_1_298' title='bbox 249 2688 528 2733; x_wconf 78' lang='grc' dir='ltr'><strong><em>νευστάζων</em></strong></span> <span class='ocrx_word' id='word_1_299' title='bbox 559 2704 661 2738; x_wconf 80' lang='grc' dir='ltr'><strong><em>κεφ.</em></strong></span> <span class='ocrx_word' id='word_1_300' title='bbox 673 2716 683 2734; x_wconf 84' lang='grc'><strong><em>,</em></strong></span> <span class='ocrx_word' id='word_1_301' title='bbox 711 2696 840 2727; x_wconf 79' lang='lat' dir='ltr'>nutans</span> 
     </span>
     <span class='ocr_line' id='line_1_49' title="bbox 33 2736 839 2784; baseline 0.002 -14"><span class='ocrx_word' id='word_1_302' title='bbox 33 2736 170 2780; x_wconf 74' lang='lat' dir='ltr'>eapite,</span> <span class='ocrx_word' id='word_1_303' title='bbox 204 2747 265 2770; x_wconf 86' lang='lat' dir='ltr'><strong><em>seu</em></strong></span> <span class='ocrx_word' id='word_1_304' title='bbox 289 2748 460 2781; x_wconf 82' lang='lat' dir='ltr'>propenso</span> <span class='ocrx_word' id='word_1_305' title='bbox 495 2739 627 2783; x_wconf 86' lang='lat' dir='ltr'>capite,</span> <span class='ocrx_word' id='word_1_306' title='bbox 664 2739 839 2784; x_wconf 83' lang='lat' dir='ltr'>oculisque</span> 
     </span>
     <span class='ocr_line' id='line_1_50' title="bbox 22 2781 839 2830; baseline 0.002 -14"><span class='ocrx_word' id='word_1_307' title='bbox 22 2782 106 2825; x_wconf 70' lang='lat' dir='ltr'><strong><em>¹solo</em></strong></span> <span class='ocrx_word' id='word_1_308' title='bbox 138 2781 240 2826; x_wconf 82' lang='lat' dir='ltr'>fixis,</span> <span class='ocrx_word' id='word_1_309' title='bbox 274 2783 332 2827; x_wconf 89' lang='lat' dir='ltr'><strong><em>qui</em></strong></span> <span class='ocrx_word' id='word_1_310' title='bbox 364 2789 418 2816; x_wconf 85' lang='lat' dir='ltr'><strong><em>est</em></strong></span> <span class='ocrx_word' id='word_1_311' title='bbox 449 2791 570 2828; x_wconf 84' lang='lat' dir='ltr'>gestus</span> <span class='ocrx_word' id='word_1_312' title='bbox 595 2786 839 2830; x_wconf 87' lang='lat' dir='ltr'>perculsorum,</span> 
     </span>
     <span class='ocr_line' id='line_1_51' title="bbox 33 2827 841 2884; baseline 0.004 -23"><span class='ocrx_word' id='word_1_313' title='bbox 33 2827 229 2881; x_wconf 74' lang='lat' dir='ltr'>acriterque</span> <span class='ocrx_word' id='word_1_314' title='bbox 251 2839 364 2863; x_wconf 89' lang='lat' dir='ltr'>secum</span> <span class='ocrx_word' id='word_1_315' title='bbox 390 2828 433 2862; x_wconf 89' lang='lat' dir='ltr'><strong><em>de</em></strong></span> <span class='ocrx_word' id='word_1_316' title='bbox 451 2841 489 2863; x_wconf 89' lang='lat' dir='ltr'><strong><em>re</em></strong></span> <span class='ocrx_word' id='word_1_317' title='bbox 512 2830 625 2884; x_wconf 85' lang='lat' dir='ltr'>aliqua</span> <span class='ocrx_word' id='word_1_318' title='bbox 647 2831 841 2864; x_wconf 84' lang='lat' dir='ltr'>deliberan-</span> 
     </span>
     <span class='ocr_line' id='line_1_52' title="bbox 33 2873 842 2910; baseline 0.004 -3"><span class='ocrx_word' id='word_1_319' title='bbox 33 2873 127 2908; x_wconf 77' lang='lat' dir='ltr'>tium.</span> <span class='ocrx_word' id='word_1_320' title='bbox 164 2875 210 2909; x_wconf 79' lang='lat' dir='ltr'><strong><em>cf.</em></strong></span> <span class='ocrx_word' id='word_1_321' title='bbox 233 2874 446 2910; x_wconf 72' lang='lat'><strong><em>234—241.</em></strong></span> <span class='ocrx_word' id='word_1_322' title='bbox 490 2875 583 2910; x_wconf 84' lang='lat' dir='ltr'>aliud</span> <span class='ocrx_word' id='word_1_323' title='bbox 607 2877 762 2910; x_wconf 87' lang='lat' dir='ltr'>nimirum</span> <span class='ocrx_word' id='word_1_324' title='bbox 786 2882 842 2910; x_wconf 81' lang='lat' dir='ltr'><strong><em>est</em></strong></span> 
     </span>
     <span class='ocr_line' id='line_1_53' title="bbox 20 2916 840 2968; baseline 0.002 -13"><span class='ocrx_word' id='word_1_325' title='bbox 20 2916 172 2964; x_wconf 44' lang='lat' dir='ltr'><strong><em>,limma</em></strong></span> <span class='ocrx_word' id='word_1_326' title='bbox 192 2920 402 2963; x_wconf 81' lang='grc' dir='ltr'><strong><em>νενστάζειν</em></strong></span> <span class='ocrx_word' id='word_1_327' title='bbox 425 2918 472 2964; x_wconf 86' lang='grc' dir='ltr'><strong><em>μ’,</em></strong></span> <span class='ocrx_word' id='word_1_328' title='bbox 500 2922 597 2965; x_wconf 90' lang='grc'><strong><em>194.</em></strong></span> <span class='ocrx_word' id='word_1_329' title='bbox 630 2934 742 2968; x_wconf 88' lang='lat' dir='ltr'>neque</span> <span class='ocrx_word' id='word_1_330' title='bbox 773 2922 840 2957; x_wconf 84' lang='lat' dir='ltr'><strong><em>huo</em></strong></span> 
     </span>
     <span class='ocr_line' id='line_1_54' title="bbox 15 2966 841 3015; baseline 0.002 -14"><span class='ocrx_word' id='word_1_331' title='bbox 15 2966 182 3012; x_wconf 73' lang='lat' dir='ltr'>&#39;pertinet</span> <span class='ocrx_word' id='word_1_332' title='bbox 203 2966 246 3003; x_wconf 77' lang='grc' dir='ltr'><strong><em>τὸ</em></strong></span> <span class='ocrx_word' id='word_1_333' title='bbox 269 2971 384 3005; x_wconf 83' lang='grc' dir='ltr'><strong><em>κινεῖν</em></strong></span> <span class='ocrx_word' id='word_1_334' title='bbox 405 2966 513 3014; x_wconf 73' lang='grc' dir='ltr'><strong><em>κάρη,</em></strong></span> <span class='ocrx_word' id='word_1_335' title='bbox 537 2975 643 3014; x_wconf 79' lang='lat' dir='ltr'>caput</span> <span class='ocrx_word' id='word_1_336' title='bbox 664 2979 841 3015; x_wconf 77' lang='lat' dir='ltr'>quassare,</span> 
     </span>
    </p>
   </div>
   <div class='ocr_carea' id='block_1_8' title="bbox 884 1581 1703 3013">
    <p class='ocr_par' dir='ltr' id='par_1_16' title="bbox 888 1581 1700 1665">
     <span class='ocr_line' id='line_1_55' title="bbox 889 1581 1700 1628; baseline -0.001 -9"><span class='ocrx_word' id='word_1_337' title='bbox 889 1582 934 1626; x_wconf 86' lang='grc' dir='ltr'><strong><em>ρ’,</em></strong></span> <span class='ocrx_word' id='word_1_338' title='bbox 960 1583 1027 1620; x_wconf 80' lang='lat'><strong><em>465</em></strong></span> <span class='ocrx_word' id='word_1_339' title='bbox 1053 1588 1120 1618; x_wconf 83' lang='lat' dir='ltr'>etc.</span> <span class='ocrx_word' id='word_1_340' title='bbox 1150 1601 1198 1609; x_wconf 90' lang='lat'><strong>—</strong></span> <span class='ocrx_word' id='word_1_341' title='bbox 1224 1583 1434 1628; x_wconf 81' lang='grc' dir='ltr'><strong><em>πέδησε,</em></strong></span> <span class='ocrx_word' id='word_1_342' title='bbox 1466 1581 1700 1627; x_wconf 67' lang='lat' dir='ltr'><strong><em>praepedivit,</em></strong></span> 
     </span>
     <span class='ocr_line' id='line_1_56' title="bbox 888 1630 1440 1682; baseline -0.009 -17"><span class='ocrx_word' id='word_1_343' title='bbox 888 1632 1042 1665; x_wconf 82' lang='lat' dir='ltr'>retinuit.</span> <span class='ocrx_word' id='word_1_344' title='bbox 1069 1632 1116 1664; x_wconf 84' lang='lat' dir='ltr'><strong><em>cf.</em></strong></span> <span class='ocrx_word' id='word_1_345' title='bbox 1142 1630 1183 1663; x_wconf 93' lang='lat' dir='ltr'><strong><em>Il.</em></strong></span> <span class='ocrx_word' id='word_1_346' title='bbox 1192 1630 1254 1682; x_wconf 88' lang='grc' dir='ltr'><strong><em>ν’,</em></strong></span> <span class='ocrx_word' id='word_1_347' title='bbox 1278 1630 1346 1664; x_wconf 84' lang='grc'><strong><em>435</em></strong></span> <span class='ocrx_word' id='word_1_348' title='bbox 1372 1633 1440 1662; x_wconf 86' lang='lat' dir='ltr'>etc.</span> 
     </span>
    </p>

    <p class='ocr_par' dir='ltr' id='par_1_17' title="bbox 888 1656 1703 1768">
     <span class='ocr_line' id='line_1_57' title="bbox 936 1656 1703 1728; baseline -0.007 -16"><span class='ocrx_word' id='word_1_349' title='bbox 936 1677 1015 1712; x_wconf 88' lang='lat'>156.</span> <span class='ocrx_word' id='word_1_350' title='bbox 1041 1675 1170 1722; x_wconf 77' lang='grc' dir='ltr'><strong><em>ἐγχεῖ</em></strong></span> <span class='ocrx_word' id='word_1_351' title='bbox 1192 1656 1282 1721; x_wconf 84' lang='grc' dir='ltr'><strong><em>ἶφι.</em></strong></span> <span class='ocrx_word' id='word_1_352' title='bbox 1309 1686 1471 1728; x_wconf 82' lang='lat' dir='ltr'>ponamus</span> <span class='ocrx_word' id='word_1_353' title='bbox 1487 1673 1703 1708; x_wconf 83' lang='lat' dir='ltr'>confidenter</span> 
     </span>
     <span class='ocr_line' id='line_1_58' title="bbox 888 1721 1544 1768; baseline -0.005 -9"><span class='ocrx_word' id='word_1_354' title='bbox 888 1721 1064 1768; x_wconf 76' lang='grc' dir='ltr'><strong><em>ἓγχείῃφι.</em></strong></span> <span class='ocrx_word' id='word_1_355' title='bbox 1090 1735 1124 1758; x_wconf 87' lang='lat' dir='ltr'><strong><em>v.</em></strong></span> <span class='ocrx_word' id='word_1_356' title='bbox 1150 1734 1230 1757; x_wconf 86' lang='lat' dir='ltr'><strong><em>ann.</em></strong></span> <span class='ocrx_word' id='word_1_357' title='bbox 1255 1722 1297 1756; x_wconf 88' lang='lat' dir='ltr'><strong><em>ad</em></strong></span> <span class='ocrx_word' id='word_1_358' title='bbox 1323 1722 1362 1755; x_wconf 87' lang='lat'><strong><em>11.</em></strong></span> <span class='ocrx_word' id='word_1_359' title='bbox 1430 1722 1544 1761; x_wconf 74' lang='lat'><strong><em>‚.208</em></strong></span> 
     </span>
    </p>

    <p class='ocr_par' dir='ltr' id='par_1_18' title="bbox 885 1734 1701 2319">
     <span class='ocr_line' id='line_1_59' title="bbox 936 1734 1701 1812; baseline -0.005 -7"><span class='ocrx_word' id='word_1_360' title='bbox 936 1769 1130 1805; x_wconf 79' lang='lat'>153—160.</span> <span class='ocrx_word' id='word_1_361' title='bbox 1153 1767 1229 1804; x_wconf 76' lang='grc' dir='ltr'><strong><em>ἐπὶ</em></strong></span> <span class='ocrx_word' id='word_1_362' title='bbox 1254 1768 1393 1812; x_wconf 84' lang='grc' dir='ltr'><strong><em>φρεσὶ</em></strong></span> <span class='ocrx_word' id='word_1_363' title='bbox 1388 1734 1546 1812; x_wconf 77' lang='grc' dir='ltr'><strong><em>φθῆκε.</em></strong></span> <span class='ocrx_word' id='word_1_364' title='bbox 1571 1764 1610 1808; x_wconf 86' lang='grc' dir='ltr'><strong><em>ε’,</em></strong></span> <span class='ocrx_word' id='word_1_365' title='bbox 1631 1765 1701 1801; x_wconf 80' lang='lat'><strong><em>427</em></strong></span> 
     </span>
     <span class='ocr_line' id='line_1_60' title="bbox 887 1792 1701 1858; baseline -0.004 -9"><span class='ocrx_word' id='word_1_366' title='bbox 887 1819 955 1850; x_wconf 86' lang='lat' dir='ltr'>etc.</span> <span class='ocrx_word' id='word_1_367' title='bbox 974 1814 1278 1855; x_wconf 76' lang='grc' dir='ltr'><strong><em>-πετοὶσειε,</em></strong></span> <span class='ocrx_word' id='word_1_368' title='bbox 1300 1815 1511 1858; x_wconf 75' lang='lat' dir='ltr'>dzffunderet</span> <span class='ocrx_word' id='word_1_369' title='bbox 1527 1824 1589 1846; x_wconf 86' lang='lat' dir='ltr'><strong><em>seu</em></strong></span> <span class='ocrx_word' id='word_1_370' title='bbox 1599 1792 1701 1847; x_wconf 63' lang='lat' dir='ltr'>’laxa-</span> 
     </span>
     <span class='ocr_line' id='line_1_61' title="bbox 888 1861 1701 1904; baseline -0.004 -9"><span class='ocrx_word' id='word_1_371' title='bbox 888 1868 944 1896; x_wconf 86' lang='lat' dir='ltr'><strong><em>ret</em></strong></span> <span class='ocrx_word' id='word_1_372' title='bbox 967 1866 1178 1895; x_wconf 80' lang='lat' dir='ltr'>contractum</span> <span class='ocrx_word' id='word_1_373' title='bbox 1217 1861 1362 1895; x_wconf 83' lang='lat' dir='ltr'>animum</span> <span class='ocrx_word' id='word_1_374' title='bbox 1388 1871 1588 1904; x_wconf 86' lang='lat' dir='ltr'>procorum,</span> <span class='ocrx_word' id='word_1_375' title='bbox 1623 1868 1701 1893; x_wconf 78' lang='lat' dir='ltr'>eos-</span> 
     </span>
     <span class='ocr_line' id='line_1_62' title="bbox 887 1904 1700 1952; baseline -0.002 -12"><span class='ocrx_word' id='word_1_376' title='bbox 887 1919 956 1952; x_wconf 85' lang='lat' dir='ltr'><strong><em>que</em></strong></span> <span class='ocrx_word' id='word_1_377' title='bbox 981 1908 1119 1941; x_wconf 84' lang='lat' dir='ltr'>foveret</span> <span class='ocrx_word' id='word_1_378' title='bbox 1142 1918 1206 1952; x_wconf 90' lang='lat' dir='ltr'><strong><em>spe</em></strong></span> <span class='ocrx_word' id='word_1_379' title='bbox 1229 1907 1435 1951; x_wconf 83' lang='lat' dir='ltr'>nuptiarum.</span> <span class='ocrx_word' id='word_1_380' title='bbox 1467 1910 1641 1939; x_wconf 76' lang='lat' dir='ltr'>nostrates</span> <span class='ocrx_word' id='word_1_381' title='bbox 1664 1904 1700 1938; x_wconf 83' lang='lat' dir='ltr'><strong><em>id</em></strong></span> 
     </span>
     <span class='ocr_line' id='line_1_63' title="bbox 888 1951 1701 1997; baseline -0.002 -11"><span class='ocrx_word' id='word_1_382' title='bbox 888 1954 993 1997; x_wconf 82' lang='lat' dir='ltr'>vulgo</span> <span class='ocrx_word' id='word_1_383' title='bbox 1021 1953 1157 1994; x_wconf 82' lang='lat' dir='ltr'>dicunt,</span> <span class='ocrx_word' id='word_1_384' title='bbox 1197 1953 1299 1987; x_wconf 82' lang='lat' dir='ltr'>simili</span> <span class='ocrx_word' id='word_1_385' title='bbox 1332 1957 1452 1996; x_wconf 86' lang='lat' dir='ltr'>tropo,</span> <span class='ocrx_word' id='word_1_386' title='bbox 1492 1952 1602 1986; x_wconf 79' lang='lat' dir='ltr'>ciuem</span> <span class='ocrx_word' id='word_1_387' title='bbox 1636 1951 1701 1985; x_wconf 77' lang='lat' dir='ltr'><strong><em>das</em></strong></span> 
     </span>
     <span class='ocr_line' id='line_1_64' title="bbox 888 1995 1700 2042; baseline -0.001 -10"><span class='ocrx_word' id='word_1_388' title='bbox 888 1999 984 2032; x_wconf 84' lang='lat' dir='ltr'><strong><em>Hcrz</em></strong></span> <span class='ocrx_word' id='word_1_389' title='bbox 1007 2010 1107 2042; x_wconf 80' lang='lat' dir='ltr'>gross</span> <span class='ocrx_word' id='word_1_390' title='bbox 1130 2000 1285 2032; x_wconf 79' lang='lat' dir='ltr'>macheu.</span> <span class='ocrx_word' id='word_1_391' title='bbox 1323 1998 1409 2032; x_wconf 85' lang='lat' dir='ltr'>male</span> <span class='ocrx_word' id='word_1_392' title='bbox 1437 1998 1519 2031; x_wconf 82' lang='lat' dir='ltr'><strong><em>sch.</em></strong></span> <span class='ocrx_word' id='word_1_393' title='bbox 1536 2011 1545 2031; x_wconf 71' lang='grc' dir='ltr'>ε</span> <span class='ocrx_word' id='word_1_394' title='bbox 1569 1995 1700 2041; x_wconf 81' lang='grc' dir='ltr'><strong><em>ἐκπλή-</em></strong></span> 
     </span>
     <span class='ocr_line' id='line_1_65' title="bbox 886 2042 1699 2088; baseline -0.002 -8"><span class='ocrx_word' id='word_1_395' title='bbox 886 2046 969 2088; x_wconf 82' lang='grc' dir='ltr'><strong><em>ξειε</em></strong></span> <span class='ocrx_word' id='word_1_396' title='bbox 995 2045 1115 2078; x_wconf 87' lang='lat' dir='ltr'>melius</span> <span class='ocrx_word' id='word_1_397' title='bbox 1139 2047 1213 2078; x_wconf 88' lang='lat' dir='ltr'><strong><em>Am.</em></strong></span> <span class='ocrx_word' id='word_1_398' title='bbox 1228 2046 1290 2078; x_wconf 91' lang='grc' dir='ltr'><strong><em>Β..</em></strong></span> <span class='ocrx_word' id='word_1_399' title='bbox 1317 2042 1513 2088; x_wconf 75' lang='grc' dir='ltr'><strong><em>ἀναστήσει</em></strong></span> <span class='ocrx_word' id='word_1_400' title='bbox 1539 2043 1699 2087; x_wconf 60' lang='lat' dir='ltr'>(oi—ecs.)</span> 
     </span>
     <span class='ocr_line' id='line_1_66' title="bbox 885 2089 1700 2135; baseline -0.001 -10"><span class='ocrx_word' id='word_1_401' title='bbox 885 2090 980 2135; x_wconf 77' lang='grc' dir='ltr'><strong><em>πρὸς</em></strong></span> <span class='ocrx_word' id='word_1_402' title='bbox 1005 2089 1224 2134; x_wconf 82' lang='grc' dir='ltr'><strong><em>ἐπιθυμίαν.</em></strong></span> <span class='ocrx_word' id='word_1_403' title='bbox 1257 2090 1357 2125; x_wconf 86' lang='lat' dir='ltr'><strong><em>codd.</em></strong></span> <span class='ocrx_word' id='word_1_404' title='bbox 1391 2093 1431 2125; x_wconf 81' lang='lat' dir='ltr'><strong><em>A.</em></strong></span> <span class='ocrx_word' id='word_1_405' title='bbox 1458 2091 1491 2124; x_wconf 72' lang='lat'><strong><em>2.</em></strong></span> <span class='ocrx_word' id='word_1_406' title='bbox 1527 2094 1562 2124; x_wconf 83' lang='lat' dir='ltr'><strong><em>et</em></strong></span> <span class='ocrx_word' id='word_1_407' title='bbox 1595 2089 1629 2125; x_wconf 83' lang='lat'><strong><em>4.</em></strong></span> <span class='ocrx_word' id='word_1_408' title='bbox 1662 2090 1700 2124; x_wconf 86' lang='lat' dir='ltr'><strong><em>in</em></strong></span> 
     </span>
     <span class='ocr_line' id='line_1_67' title="bbox 886 2136 1698 2182; baseline -0.004 -10"><span class='ocrx_word' id='word_1_409' title='bbox 886 2138 1060 2182; x_wconf 78' lang='lat' dir='ltr'>margine:</span> <span class='ocrx_word' id='word_1_410' title='bbox 1085 2150 1138 2181; x_wconf 78' lang='grc' dir='ltr'><strong><em>γρ.</em></strong></span> <span class='ocrx_word' id='word_1_411' title='bbox 1163 2137 1316 2180; x_wconf 77' lang='grc' dir='ltr'><strong><em>θέλξειε,</em></strong></span> <span class='ocrx_word' id='word_1_412' title='bbox 1341 2148 1430 2181; x_wconf 89' lang='lat' dir='ltr'>quae</span> <span class='ocrx_word' id='word_1_413' title='bbox 1453 2140 1507 2170; x_wconf 84' lang='lat' dir='ltr'><strong><em>est</em></strong></span> <span class='ocrx_word' id='word_1_414' title='bbox 1524 2136 1698 2180; x_wconf 82' lang='lat' dir='ltr'>interpre-</span> 
     </span>
     <span class='ocr_line' id='line_1_68' title="bbox 886 2183 1699 2218; baseline -0.004 0"><span class='ocrx_word' id='word_1_415' title='bbox 886 2184 973 2218; x_wconf 81' lang='lat' dir='ltr'>tatio</span> <span class='ocrx_word' id='word_1_416' title='bbox 1008 2183 1108 2216; x_wconf 86' lang='lat' dir='ltr'>verbi</span> <span class='ocrx_word' id='word_1_417' title='bbox 1140 2184 1284 2218; x_wconf 80' lang='lat' dir='ltr'>rarioris</span> <span class='ocrx_word' id='word_1_418' title='bbox 1315 2183 1382 2216; x_wconf 83' lang='lat' dir='ltr'>isto</span> <span class='ocrx_word' id='word_1_419' title='bbox 1414 2194 1527 2216; x_wconf 84' lang='lat' dir='ltr'>sensu.</span> <span class='ocrx_word' id='word_1_420' title='bbox 1577 2183 1699 2216; x_wconf 63' lang='lat' dir='ltr'>Voss.»</span> 
     </span>
     <span class='ocr_line' id='line_1_69' title="bbox 886 2228 1700 2275; baseline -0.001 -11"><span class='ocrx_word' id='word_1_421' title='bbox 886 2231 969 2264; x_wconf 82' lang='lat' dir='ltr'>dass</span> <span class='ocrx_word' id='word_1_422' title='bbox 991 2241 1088 2275; x_wconf 77' lang='lat' dir='ltr'><strong><em>ganz</em></strong></span> <span class='ocrx_word' id='word_1_423' title='bbox 1111 2229 1180 2274; x_wconf 84' lang='lat'><strong><em>(?)</em></strong></span> <span class='ocrx_word' id='word_1_424' title='bbox 1212 2231 1262 2264; x_wconf 84' lang='lat' dir='ltr'><strong><em>sie</em></strong></span> <span class='ocrx_word' id='word_1_425' title='bbox 1295 2230 1484 2262; x_wconf 78' lang='lat' dir='ltr'>erweitert’</span> <span class='ocrx_word' id='word_1_426' title='bbox 1522 2228 1559 2262; x_wconf 83' lang='lat' dir='ltr'><strong><em>in</em></strong></span> <span class='ocrx_word' id='word_1_427' title='bbox 1591 2229 1700 2263; x_wconf 82' lang='lat' dir='ltr'>sehu-</span> 
     </span>
     <span class='ocr_line' id='line_1_70' title="bbox 885 2275 1535 2319; baseline -0.003 -9"><span class='ocrx_word' id='word_1_428' title='bbox 885 2277 983 2310; x_wconf 68' lang='grc' dir='ltr'><strong><em>ενι-1η</em></strong></span> <span class='ocrx_word' id='word_1_429' title='bbox 1007 2275 1200 2319; x_wconf 79' lang='lat' dir='ltr'>Jeglichem</span> <span class='ocrx_word' id='word_1_430' title='bbox 1217 2276 1329 2317; x_wconf 78' lang='lat' dir='ltr'>freier</span> <span class='ocrx_word' id='word_1_431' title='bbox 1353 2275 1418 2308; x_wconf 84' lang='lat' dir='ltr'><strong><em>das</em></strong></span> <span class='ocrx_word' id='word_1_432' title='bbox 1442 2275 1535 2308; x_wconf 76' lang='lat' dir='ltr'>herz.</span> 
     </span>
    </p>

    <p class='ocr_par' dir='ltr' id='par_1_19' title="bbox 884 2320 1697 3013">
     <span class='ocr_line' id='line_1_71' title="bbox 932 2320 1697 2366; baseline -0.003 -9"><span class='ocrx_word' id='word_1_433' title='bbox 932 2323 1011 2357; x_wconf 72' lang='lat'>162.</span> <span class='ocrx_word' id='word_1_434' title='bbox 1033 2320 1158 2364; x_wconf 85' lang='grc' dir='ltr'><strong><em>πρὸς</em></strong></span> <span class='ocrx_word' id='word_1_435' title='bbox 1181 2320 1366 2361; x_wconf 82' lang='grc' dir='ltr'><strong><em>πόσιος.</em></strong></span> <span class='ocrx_word' id='word_1_436' title='bbox 1391 2320 1505 2366; x_wconf 66' lang='lat' dir='ltr'>quid?</span> <span class='ocrx_word' id='word_1_437' title='bbox 1530 2331 1550 2354; x_wconf 87' lang='lat' dir='ltr'>a</span> <span class='ocrx_word' id='word_1_438' title='bbox 1574 2320 1697 2358; x_wconf 83' lang='lat' dir='ltr'>marito</span> 
     </span>
     <span class='ocr_line' id='line_1_72' title="bbox 886 2367 1697 2412; baseline -0.001 -10"><span class='ocrx_word' id='word_1_439' title='bbox 886 2379 924 2402; x_wconf 90' lang='lat' dir='ltr'><strong><em>se</em></strong></span> <span class='ocrx_word' id='word_1_440' title='bbox 954 2367 1063 2412; x_wconf 84' lang='lat' dir='ltr'>magis</span> <span class='ocrx_word' id='word_1_441' title='bbox 1098 2368 1257 2402; x_wconf 89' lang='lat' dir='ltr'>honorari</span> <span class='ocrx_word' id='word_1_442' title='bbox 1290 2367 1408 2411; x_wconf 90' lang='lat' dir='ltr'>cupit,</span> <span class='ocrx_word' id='word_1_443' title='bbox 1441 2378 1541 2412; x_wconf 89' lang='lat' dir='ltr'>quem</span> <span class='ocrx_word' id='word_1_444' title='bbox 1574 2367 1697 2401; x_wconf 83' lang='lat' dir='ltr'>adesse</span> 
     </span>
     <span class='ocr_line' id='line_1_73' title="bbox 885 2412 1695 2458; baseline -0.001 -10"><span class='ocrx_word' id='word_1_445' title='bbox 885 2414 1015 2455; x_wconf 82' lang='lat' dir='ltr'>nescit,</span> <span class='ocrx_word' id='word_1_446' title='bbox 1041 2417 1076 2447; x_wconf 83' lang='lat' dir='ltr'><strong><em>et</em></strong></span> <span class='ocrx_word' id='word_1_447' title='bbox 1099 2414 1159 2458; x_wconf 88' lang='lat' dir='ltr'><strong><em>qui</em></strong></span> <span class='ocrx_word' id='word_1_448' title='bbox 1183 2413 1399 2458; x_wconf 83' lang='lat' dir='ltr'>undeviginti</span> <span class='ocrx_word' id='word_1_449' title='bbox 1423 2423 1530 2447; x_wconf 84' lang='lat' dir='ltr'>annos</span> <span class='ocrx_word' id='word_1_450' title='bbox 1554 2412 1695 2447; x_wconf 57' lang='lat' dir='ltr'>abfuit?</span> 
     </span>
     <span class='ocr_line' id='line_1_74' title="bbox 885 2458 1694 2515; baseline -0.003 -21"><span class='ocrx_word' id='word_1_451' title='bbox 885 2461 1011 2495; x_wconf 82' lang='lat' dir='ltr'>serrem</span> <span class='ocrx_word' id='word_1_452' title='bbox 1034 2458 1177 2501; x_wconf 82' lang='grc' dir='ltr'><strong><em>πόσιός,</em></strong></span> <span class='ocrx_word' id='word_1_453' title='bbox 1199 2460 1229 2493; x_wconf 86' lang='lat' dir='ltr'>si</span> <span class='ocrx_word' id='word_1_454' title='bbox 1253 2461 1318 2494; x_wconf 85' lang='lat' dir='ltr'><strong><em>hoc</em></strong></span> <span class='ocrx_word' id='word_1_455' title='bbox 1341 2459 1395 2494; x_wconf 87' lang='lat' dir='ltr'><strong><em>vel</em></strong></span> <span class='ocrx_word' id='word_1_456' title='bbox 1398 2458 1576 2515; x_wconf 83' lang='lat' dir='ltr'>quiddam</span> <span class='ocrx_word' id='word_1_457' title='bbox 1601 2458 1694 2492; x_wconf 86' lang='lat' dir='ltr'>simi-</span> 
     </span>
     <span class='ocr_line' id='line_1_75' title="bbox 886 2502 1694 2550; baseline -0.001 -10"><span class='ocrx_word' id='word_1_458' title='bbox 886 2506 917 2540; x_wconf 91' lang='lat' dir='ltr'><strong><em>le</em></strong></span> <span class='ocrx_word' id='word_1_459' title='bbox 940 2507 1115 2550; x_wconf 81' lang='lat' dir='ltr'>adjectum</span> <span class='ocrx_word' id='word_1_460' title='bbox 1138 2511 1228 2540; x_wconf 86' lang='lat' dir='ltr'>esset</span> <span class='ocrx_word' id='word_1_461' title='bbox 1252 2507 1290 2542; x_wconf 78' lang='grc' dir='ltr'><strong><em>εἴ</em></strong></span> <span class='ocrx_word' id='word_1_462' title='bbox 1307 2502 1408 2541; x_wconf 75' lang='grc' dir='ltr'><strong><em>ποθ’</em></strong></span> <span class='ocrx_word' id='word_1_463' title='bbox 1434 2505 1572 2539; x_wconf 72' lang='grc' dir='ltr'><strong><em>ΐκοιτοε</em></strong></span> <span class='ocrx_word' id='word_1_464' title='bbox 1605 2515 1694 2539; x_wconf 82' lang='grc' dir='ltr'><strong><em>ιιιιιιο</em></strong></span> 
     </span>
     <span class='ocr_line' id='line_1_76' title="bbox 885 2550 1693 2595; baseline -0.004 -9"><span class='ocrx_word' id='word_1_465' title='bbox 885 2552 977 2586; x_wconf 82' lang='lat' dir='ltr'>haud</span> <span class='ocrx_word' id='word_1_466' title='bbox 1010 2552 1106 2592; x_wconf 84' lang='lat' dir='ltr'>sero,</span> <span class='ocrx_word' id='word_1_467' title='bbox 1136 2552 1196 2586; x_wconf 84' lang='lat' dir='ltr'><strong><em>sed</em></strong></span> <span class='ocrx_word' id='word_1_468' title='bbox 1221 2552 1331 2587; x_wconf 84' lang='lat' dir='ltr'>latere</span> <span class='ocrx_word' id='word_1_469' title='bbox 1365 2550 1497 2595; x_wconf 86' lang='lat' dir='ltr'>aliquid</span> <span class='ocrx_word' id='word_1_470' title='bbox 1530 2550 1693 2586; x_wconf 82' lang='lat' dir='ltr'>arbitror.</span> 
     </span>
     <span class='ocr_line' id='line_1_77' title="bbox 885 2598 1694 2643; baseline -0.004 -11"><span class='ocrx_word' id='word_1_471' title='bbox 885 2598 1003 2643; x_wconf 76' lang='lat' dir='ltr'>inepte</span> <span class='ocrx_word' id='word_1_472' title='bbox 1044 2598 1132 2632; x_wconf 86' lang='lat' dir='ltr'>enim</span> <span class='ocrx_word' id='word_1_473' title='bbox 1166 2600 1239 2634; x_wconf 87' lang='grc' dir='ltr'><strong><em>Αιιι.</em></strong></span> <span class='ocrx_word' id='word_1_474' title='bbox 1270 2600 1310 2632; x_wconf 77' lang='grc' dir='ltr'><strong><em>2ι</em></strong></span> <span class='ocrx_word' id='word_1_475' title='bbox 1352 2598 1531 2640; x_wconf 81' lang='grc' dir='ltr'><strong><em>μᾶλλον</em></strong></span> <span class='ocrx_word' id='word_1_476' title='bbox 1571 2608 1694 2640; x_wconf 84' lang='grc' dir='ltr'><strong><em>προς</em></strong></span> 
     </span>
     <span class='ocr_line' id='line_1_78' title="bbox 884 2640 1693 2689; baseline -0.001 -10"><span class='ocrx_word' id='word_1_477' title='bbox 884 2644 1065 2684; x_wconf 83' lang='grc' dir='ltr'><strong><em>πόσιος.</em></strong></span> <span class='ocrx_word' id='word_1_478' title='bbox 1100 2643 1156 2678; x_wconf 81' lang='grc' dir='ltr'><strong><em>ἵν’</em></strong></span> <span class='ocrx_word' id='word_1_479' title='bbox 1188 2643 1373 2688; x_wconf 78' lang='grc' dir='ltr'><strong><em>ἐκπλαγεὶς</em></strong></span> <span class='ocrx_word' id='word_1_480' title='bbox 1402 2644 1454 2689; x_wconf 80' lang='grc' dir='ltr'><strong><em>τῷ</em></strong></span> <span class='ocrx_word' id='word_1_481' title='bbox 1479 2640 1602 2678; x_wconf 84' lang='grc' dir='ltr'><strong><em>κάλλει</em></strong></span> <span class='ocrx_word' id='word_1_482' title='bbox 1624 2641 1693 2678; x_wconf 75' lang='grc' dir='ltr'><strong><em>αὖ·</em></strong></span> 
     </span>
     <span class='ocr_line' id='line_1_79' title="bbox 885 2687 1695 2735; baseline -0.002 -9"><span class='ocrx_word' id='word_1_483' title='bbox 885 2692 951 2735; x_wconf 81' lang='grc' dir='ltr'><strong><em>τῆς</em></strong></span> <span class='ocrx_word' id='word_1_484' title='bbox 971 2687 1049 2726; x_wconf 81' lang='grc' dir='ltr'><strong><em>’.Οδ</em></strong></span> <span class='ocrx_word' id='word_1_485' title='bbox 1073 2693 1213 2734; x_wconf 79' lang='grc' dir='ltr'><strong><em>μᾶλλον</em></strong></span> <span class='ocrx_word' id='word_1_486' title='bbox 1243 2689 1338 2726; x_wconf 79' lang='grc' dir='ltr'><strong><em>κατὰ</em></strong></span> <span class='ocrx_word' id='word_1_487' title='bbox 1369 2689 1442 2724; x_wconf 78' lang='grc' dir='ltr'><strong><em>τῶν</em></strong></span> <span class='ocrx_word' id='word_1_488' title='bbox 1473 2687 1695 2733; x_wconf 82' lang='grc' dir='ltr'><strong><em>μνηστήρων</em></strong></span> 
     </span>
     <span class='ocr_line' id='line_1_80' title="bbox 884 2735 1692 2782; baseline -0.002 -10"><span class='ocrx_word' id='word_1_489' title='bbox 884 2736 1146 2782; x_wconf 75' lang='grc' dir='ltr'><strong><em>ἐπιῤῥωσθείη.</em></strong></span> <span class='ocrx_word' id='word_1_490' title='bbox 1169 2749 1237 2771; x_wconf 91' lang='lat' dir='ltr'><strong><em>non</em></strong></span> <span class='ocrx_word' id='word_1_491' title='bbox 1263 2736 1459 2782; x_wconf 82' lang='lat' dir='ltr'>pulcritudo</span> <span class='ocrx_word' id='word_1_492' title='bbox 1482 2735 1692 2779; x_wconf 82' lang='lat' dir='ltr'>Penelopae,</span> 
     </span>
     <span class='ocr_line' id='line_1_81' title="bbox 884 2781 1692 2828; baseline -0.004 -10"><span class='ocrx_word' id='word_1_493' title='bbox 884 2795 954 2828; x_wconf 90' lang='lat' dir='ltr'><strong><em>qua</em></strong></span> <span class='ocrx_word' id='word_1_494' title='bbox 978 2783 1208 2828; x_wconf 82' lang='lat' dir='ltr'>pulcritudine</span> <span class='ocrx_word' id='word_1_495' title='bbox 1231 2786 1415 2827; x_wconf 85' lang='lat' dir='ltr'>conspecta</span> <span class='ocrx_word' id='word_1_496' title='bbox 1445 2781 1569 2815; x_wconf 77' lang='lat' dir='ltr'>fortius</span> <span class='ocrx_word' id='word_1_497' title='bbox 1591 2781 1692 2816; x_wconf 82' lang='lat' dir='ltr'>dimi-</span> 
     </span>
     <span class='ocr_line' id='line_1_82' title="bbox 886 2827 1693 2873; baseline -0.001 -10"><span class='ocrx_word' id='word_1_498' title='bbox 886 2835 942 2863; x_wconf 85' lang='lat' dir='ltr'><strong><em>cet</em></strong></span> <span class='ocrx_word' id='word_1_499' title='bbox 965 2829 1032 2873; x_wconf 66' lang='grc' dir='ltr'><strong><em>ΠΙ)</em></strong></span> <span class='ocrx_word' id='word_1_500' title='bbox 1037 2840 1122 2870; x_wconf 85' lang='lat' dir='ltr'>sses,</span> <span class='ocrx_word' id='word_1_501' title='bbox 1138 2830 1199 2863; x_wconf 79' lang='lat' dir='ltr'><strong><em>sed</em></strong></span> <span class='ocrx_word' id='word_1_502' title='bbox 1223 2829 1339 2873; x_wconf 80' lang='lat' dir='ltr'>agitur</span> <span class='ocrx_word' id='word_1_503' title='bbox 1362 2829 1436 2872; x_wconf 88' lang='lat' dir='ltr'>ejus</span> <span class='ocrx_word' id='word_1_504' title='bbox 1459 2827 1600 2869; x_wconf 83' lang='lat' dir='ltr'>astutia,</span> <span class='ocrx_word' id='word_1_505' title='bbox 1623 2839 1693 2872; x_wconf 78' lang='lat' dir='ltr'><strong><em>qua</em></strong></span> 
     </span>
     <span class='ocr_line' id='line_1_83' title="bbox 885 2873 1690 2920; baseline -0.005 -10"><span class='ocrx_word' id='word_1_506' title='bbox 885 2877 976 2910; x_wconf 82' lang='lat' dir='ltr'>dona</span> <span class='ocrx_word' id='word_1_507' title='bbox 999 2887 1179 2920; x_wconf 88' lang='lat' dir='ltr'>procorum</span> <span class='ocrx_word' id='word_1_508' title='bbox 1209 2874 1380 2908; x_wconf 80' lang='lat' dir='ltr'>elicienda</span> <span class='ocrx_word' id='word_1_509' title='bbox 1403 2878 1494 2907; x_wconf 83' lang='lat' dir='ltr'>sunt.</span> <span class='ocrx_word' id='word_1_510' title='bbox 1534 2873 1626 2917; x_wconf 81' lang='lat' dir='ltr'>quod</span> <span class='ocrx_word' id='word_1_511' title='bbox 1659 2874 1690 2907; x_wconf 86' lang='lat' dir='ltr'>si</span> 
     </span>
     <span class='ocr_line' id='line_1_84' title="bbox 885 2918 1691 2964; baseline -0.004 -9"><span class='ocrx_word' id='word_1_512' title='bbox 885 2923 1112 2964; x_wconf 78' lang='lat' dir='ltr'>successerit,</span> <span class='ocrx_word' id='word_1_513' title='bbox 1143 2932 1264 2964; x_wconf 82' lang='lat' dir='ltr'>magno</span> <span class='ocrx_word' id='word_1_514' title='bbox 1296 2920 1333 2954; x_wconf 88' lang='lat' dir='ltr'><strong><em>id</em></strong></span> <span class='ocrx_word' id='word_1_515' title='bbox 1355 2918 1474 2953; x_wconf 86' lang='lat' dir='ltr'>honori</span> <span class='ocrx_word' id='word_1_516' title='bbox 1506 2918 1573 2953; x_wconf 85' lang='lat' dir='ltr'>sibi</span> <span class='ocrx_word' id='word_1_517' title='bbox 1595 2919 1691 2953; x_wconf 80' lang='lat' dir='ltr'>futu-</span> 
     </span>
     <span class='ocr_line' id='line_1_85' title="bbox 887 2947 1688 3013; baseline -0.002 -11"><span class='ocrx_word' id='word_1_518' title='bbox 887 2979 960 3002; x_wconf 88' lang='lat' dir='ltr'><strong><em>rum</em></strong></span> <span class='ocrx_word' id='word_1_519' title='bbox 984 2947 1114 3013; x_wconf 81' lang='lat' dir='ltr'>sperat&#39;,</span> <span class='ocrx_word' id='word_1_520' title='bbox 1138 2972 1175 3002; x_wconf 88' lang='lat' dir='ltr'><strong><em>et</em></strong></span> <span class='ocrx_word' id='word_1_521' title='bbox 1199 2965 1291 3012; x_wconf 80' lang='lat' dir='ltr'>apud</span> <span class='ocrx_word' id='word_1_522' title='bbox 1314 2965 1430 3013; x_wconf 64' lang='lat' dir='ltr'>quos?</span> <span class='ocrx_word' id='word_1_523' title='bbox 1453 2976 1575 3011; x_wconf 81' lang='lat' dir='ltr'>nempe</span> <span class='ocrx_word' id='word_1_524' title='bbox 1596 2966 1688 3010; x_wconf 79' lang='lat' dir='ltr'>apud</span> 
     </span>
    </p>
   </div>
  </div>
 </body>
</html>
