1821 3288
405 80 719 129 ADDENDA
745 81 827 125 ET
853 81 1286 126 EMENDANDA.
1591 80 1676 125 895

24 197 94 234 τοῦ
120 195 288 244 ἓρὲφειν,
311 199 453 242 tegere,
474 195 707 237 circumdare,
730 206 774 229 ne
798 205 893 228 esum
917 192 1114 238 significans
1132 194 1282 237 frigeat,
1307 195 1470 239 sequente
1482 191 1676 236 κείροντες.

25 265 70 271 -
93 245 174 281 238.
199 243 326 285 malim,
350 242 481 275 variato
505 242 683 284 rhythmo:
711 240 827 282 ζωούς
851 239 887 274 δ’
913 238 1030 282 sonim,
1064 244 1102 272 ut
1125 240 1202 273 olim
1227 241 1322 274 editi.
1345 259 1390 265 -
1417 238 1497 275 245.
1522 240 1558 271 vi
1582 240 1678 270 caret

25 289 156 326 αὐτόν.
179 301 285 336 quare
308 287 497 332 ponendum
523 298 643 320 censeo
669 286 789 332 αὐτῷ,
816 286 948 320 Achilli.
972 307 1018 314 -—
1041 287 1119 320 303.
1145 282 1208 320 ἀν’
1234 285 1368 320 ἰθύν.
1395 288 1440 319 cf.
1465 285 1571 318 Schn.
1595 294 1628 317 v.
1651 280 1675 324 ἡ

27 335 128 378 ἰθύς.
150 356 195 362 -
218 336 298 370 356.
319 333 538 375 ἲςΠοταμ
554 336 638 367 οῖο.
662 334 694 366 Ιι.
719 346 749 367 e.
774 331 959 375 Ποταμός.
984 335 1064 366 nota
1086 331 1172 364 haec
1197 333 1405 376 periphrasis
1428 340 1606 375 personae.
1630 345 1678 352 —

27 384 107 418 382.
132 380 356 426 α”ψορρον
387 398 432 404 -
468 379 662 423 ῥέεθρα.
697 379 798 423 paulo
830 379 944 411 durior
969 383 1022 412 est
1044 379 1163 411 horum
1186 377 1443 421 interpretatio,
1478 387 1577 420 quam
1601 383 1680 418 per-

28 427 172 473 scripsi,
207 427 385 470 malimque
415 437 504 459 nunc
536 423 734 460 κατέσσυτο
771 425 881 468 accipi
906 435 1007 457 sensu
1032 424 1134 457 activi
1164 423 1219 456 vel
1242 423 1361 462 1ne‹lii;
1397 434 1458 455 nec
1481 420 1682 466 displiceret

27 472 301 518 καλλιρέεθρον.
322 491 366 496 --
391 473 470 506 391.
494 469 516 506 ἀ
533 471 799 516 φέστασαν,
823 475 1051 510 secesserunt,
1077 481 1228 503 seorsum
1251 474 1442 510 steterunt,
1469 465 1514 501 ου’
1531 465 1683 510 ξυνέπε-

28 530 106 555 σον.
129 537 172 543 -
207 519 287 553 403.
322 523 403 550 ante
434 518 522 557 hunc
555 528 691 550 versum
722 517 905 550 inserenda
928 521 1007 548 sunt
1030 517 1135 549 verba
1159 517 1220 549 sed
1243 534 1287 540 —
1311 515 1509 558 prosternit.
1538 533 1575 538 -
1600 512 1683 545 439.

30 565 85 601 οὐ
108 563 208 609 γάρ,
233 564 290 597 liic
312 574 447 608 quoque
473 563 687 597 scribendum
710 568 792 607 puto
817 559 900 596 οὔτ’
929 559 1013 604 ἄρ’,
1039 566 1078 594 ut
1099 560 1149 604 σ’,
1173 561 1257 601 657,
1280 561 1338 594 ubi
1363 572 1394 593 v.
1420 570 1498 593 ann.
1522 577 1566 583 -
1602 557 1685 591 491.

29 609 318 659 μειδιόωσα,
341 610 499 641 irridens.
524 609 737 652 significatus
760 610 870 642 rarior
895 609 993 650 hujus
1018 608 1128 642 verbi.
1155 627 1193 632 —
1218 608 1297 642 499.
1314 605 1685 650 πληκτίζεσθαι,

30 668 116 692 cave
137 657 308 690 auscultes
325 654 537 688 Scholiastis.
561 658 687 698 πληκτ.
713 655 796 688 nihil
823 654 913 688 aliud
939 657 993 686 est
1016 665 1113 697 quam
1131 653 1251 697 plecti,
1276 651 1553 698 quemadmodum
1575 649 1688 683 Diana

30 701 207 748 &apulavit
231 703 274 735 ab
298 701 439 734 Junone.
464 701 527 733 hoc
552 701 616 734 sibi
641 701 770 746 pariter
796 701 1006 733 metuendum
1030 711 1105 732 esse
1129 700 1176 733 ait
1200 699 1414 737 Mercurius.
1450 698 1534 730 deus
1558 707 1600 729 ex
1624 693 1689 728 mi·-

31 750 193 790 noribus,
214 748 373 791 idemque
397 748 557 790 prudens,
582 746 639 792 qui
665 747 816 779 Latonae
840 746 949 778 libens
973 745 1148 778 concedat.
1194 749 1320 789 πληκτ.
1344 742 1510 786 ἀλόχοισι
1536 753 1597 787 pro
1624 736 1690 774 ὑπ’

33 793 187 839 ἀλόχων.
222 813 264 818 —-
297 794 376 827 507.
404 790 526 836 ἀμφὶ
551 793 583 826 θ’
607 789 674 836 ἄρ’
702 790 969 835 ἀμβρόσιος
1002 789 1139 830 ἑανὸς
1170 791 1321 835 τρέμε,
1355 791 1480 824 scrib.:
1513 787 1547 823 ἀ.
1573 785 1608 822 δ’
1633 783 1689 828 ἄρ’

31 840 224 887 ἀμβροσίῳ
256 839 352 883 ἑανῷ
384 840 509 882 τρέμε,
542 838 576 871 h.
612 851 640 874 e.
666 835 874 882 ἀμφέτρεμε
910 836 977 871 σύν
1013 836 1040 872 ἓ.
1077 835 1185 882 ἀμβρ.
1218 842 1365 871 tremore
1398 835 1551 880 corporis
1584 831 1692 867 divini

34 888 137 921 etiam
161 885 268 920 vestis
290 886 426 919 vibrata
451 889 513 918 est.
536 884 578 918 de
604 898 648 918 ωι
672 890 707 918 et
732 898 772 924 ος
796 883 946 917 confusis
969 894 1000 915 v.
1026 894 1104 916 ann.
1128 885 1170 916 ad
1199 882 1253 927 β’,
1279 884 1357 918 642.
1395 901 1436 907 -
1466 883 1547 916 519.
1573 879 1617 915 οὶ
1642 877 1692 913 δὲ

32 933 154 979 μέγα
170 933 267 967 κυδ.
292 931 423 964 malim:
457 931 493 964 οἱ
527 928 560 964 δ’
588 928 638 964 αὖ
661 943 697 973 μ.
723 944 754 964 κ.
778 931 863 962 haec
886 929 1055 972 permeta
1079 929 1234 972 saepius,
1267 928 1417 963 librariis
1440 925 1692 971 negligentibus
1735 931 1747 943 ⁷

33 979 77 1014 τὸ
103 979 174 1020 αὖ,
199 982 359 1021 tanquam
383 988 687 1021 supervacaneum.
712 995 755 1000 —
780 977 861 1010 560.
885 974 978 1008 ἑσπ.
1005 973 1077 1015 δὲ,
1104 973 1180 1008 ἐσπ.
1203 973 1265 1018 δή.
1287 994 1333 1001 —
1366 976 1443 1008 600.
1471 974 1545 1007 dele
1571 972 1693 1015 virgu-

33 1025 101 1060 lam
125 1027 205 1070 post
223 1022 320 1062 ‘Ex.‚
345 1022 425 1065 quia
450 1020 551 1066 αὐτῷ
577 1023 725 1067 pertinet
749 1022 793 1055 ad
817 1019 987 1064 Ἀγήνορι.
1013 1039 1057 1044 -
1082 1022 1160 1056 605.
1186 1032 1275 1053 scr.:
1302 1039 1343 1046 —
1368 1019 1474 1062 οἷσι,)
1499 1016 1608 1062 τόφρ’
1624 1023 1691 1050 etc.

124 1073 180 1113 X,
204 1070 238 1105 2.
263 1068 383 1111 ἱδρῶ
410 1066 740 1112 ἀπεψύχοντο,
764 1069 875 1101 πίον
899 1064 941 1108 τ’,
969 1064 1167 1101 ἀκέοντό
1196 1079 1246 1101 τε
1272 1067 1437 1109 δίψαν.
1464 1075 1535 1105 cur,
1553 1074 1693 1108 quaeso,

33 1117 149 1160 potum
172 1115 224 1149 bis
248 1119 419 1154 memoret,
438 1114 504 1147 cibi
527 1114 664 1148 omittat
687 1113 911 1147 mentionem?
937 1125 1002 1146 non
1028 1114 1076 1146 ita
1099 1113 1187 1147 solet
1209 1113 1264 1147 hic
1281 1118 1405 1146 noster.
1433 1111 1542 1154 igitur
1558 1109 1693 1143 scriba-

34 1172 127 1195 mus:
177 1162 202 1196 2.
237 1158 471 1202 ἀποψυχέντε
496 1160 570 1202 (vel
595 1159 867 1203 ἀ-ψυχθέντε)
890 1156 1041 1202 στάθητ’,
1069 1156 1106 1192 ἀ.
1142 1172 1181 1193 τε
1212 1161 1245 1193 δ.
1277 1159 1387 1192 dualis
1411 1156 1533 1202 plurali
1553 1157 1693 1199 junctus

33 1207 117 1241 nihil
141 1208 245 1241 habet
267 1206 413 1240 insoliti:
445 1218 478 1240 v.
505 1204 547 1251 γ’,
587 1208 652 1246 18,
678 1208 747 1240 210
771 1211 838 1239 etc.
862 1206 905 1238 de
929 1217 944 1239 ε
971 1210 1006 1238 et
1031 1218 1050 1239 ο
1075 1205 1200 1238 litteris
1223 1205 1376 1239 confusis
1406 1203 1552 1236 diximus
1576 1202 1620 1235 ad
1644 1199 1693 1243 μ’,

34 1254 125 1296 213,
152 1255 195 1286 de
223 1266 246 1287 α
271 1256 307 1286 et
331 1265 343 1285 ι
367 1252 496 1297 Odyss.
522 1250 585 1292 ω’,
612 1255 697 1294 198,
725 1253 833 1296 hymn.
865 1251 898 1284 in
923 1251 1072 1285 Mercur.
1097 1253 1141 1286 79
1167 1256 1253 1292 ete.;
1278 1252 1321 1283 ‹le
1338 1248 1548 1295 apostropho
1565 1253 1694 1281 temere

34 1299 93 1332 vel
116 1299 230 1333 addito
251 1298 305 1331 vel
328 1299 483 1342 neglecto
507 1299 631 1343 passim
657 1299 691 1331 in
714 1298 806 1330 hisce
822 1299 1106 1331 annotationibus.
1131 1316 1177 1322 —-
1200 1299 1257 1331 33.
1277 1295 1465 1342 ᾤμωξεν
1481 1315 1522 1320 -
1544 1291 1695 1336 οἰμώ-

36 1345 120 1388 ξας
142 1365 205 1380 ——.
231 1344 370 1377 hoccine
394 1348 448 1378 est
472 1344 712 1377 Homericum?
737 1355 814 1377 cras
837 1345 985 1376 fortasse
1009 1344 1163 1383 credam,
1189 1355 1255 1376 non
1281 1343 1402 1384 hodie,
1425 1340 1486 1374 sed
1511 1340 1621 1374 malim
1639 1339 1696 1374 οἷ’-

35 1402 152 1435 μησεν
185 1390 240 1424 vel
271 1387 451 1434 ὥρμησεν.
481 1390 531 1423 sic
563 1390 642 1422 libri
669 1390 797 1422 habent
818 1387 980 1431 Ἀργείων
1007 1401 1068 1432 pro
1100 1388 1261 1432 Ἀργείην
1286 1390 1355 1422 Od.
1392 1386 1437 1427 δ’,
1461 1387 1540 1421 279.
1567 1392 1602 1419 et
1625 1384 1697 1421 ἐών

37 1437 184 1481 ejusdem
209 1436 365 1469 carminis
390 1441 560 1480 postremo
592 1436 701 1477 libro,
733 1436 822 1475 379,
861 1435 918 1467 ubi
942 1435 1129 1479 requiritur
1154 1435 1238 1477 ἔην,
1275 1440 1310 1468 et
1335 1440 1455 1468 contra
1479 1432 1608 1476 γαλέην
1633 1443 1698 1476 pro

36 1484 176 1528 γαλεῶν
198 1482 356 1515 Batrach.
384 1484 461 1517 128.
486 1482 642 1524 οἴμωσεν
666 1492 749 1514 vero
775 1485 957 1525 postquam
981 1480 1085 1514 semel
1109 1481 1340 1525 scripserant,
1374 1483 1551 1513 corrector
1575 1477 1704 1533 aliqui's

36 1539 212 1575 pugnasse
243 1539 281 1561 se
320 1531 414 1561 ratus
447 1528 552 1561 suerit
583 1525 741 1571 ponendo
779 1525 937 1570 ᾤμωξεν.
960 1548 1006 1552 -—
1040 1527 1096 1561 45.
1123 1526 1319 1571 περνὰς,
1344 1538 1364 1559 a
1387 1525 1557 1569 πέρνημι.
1583 1525 1626 1557 cf.
1655 1535 1700 1566 σ,

36 1576 116 1610 292.
141 1592 186 1599 -—
208 1574 262 1608 59.
297 1571 368 1607 ἔτι
396 1570 677 1617 φρονέοντ’.
707 1572 835 1617 inepte.
883 1573 995 1605 Paris.
1021 1573 1048 1605 A
1069 1578 1105 1606 et
1139 1585 1245 1616 marg.
1271 1575 1315 1617 C,
1350 1573 1431 1605 item
1455 1582 1543 1604 unus
1567 1569 1702 1604 Vindo-

36 1620 234 1656 bonensium
259 1619 443 1654 librorum:
471 1619 524 1654 ἔτι
549 1617 728 1664 φρονέων.
754 1619 960 1652 scribamus:
985 1617 1214 1662 ε’πιφρονὲων
1230 1616 1294 1663 γ’,
1320 1623 1357 1652 ut
1374 1619 1501 1660 odyss.
1519 1616 1570 1656 τ’,
1595 1616 1700 1652 385.:

37 1665 89 1706 ὡς
113 1665 157 1702 σύ
181 1678 249 1709 περ
275 1664 371 1708 αὐτὴ
398 1663 657 1710 ἔπιφρονέουσ’
681 1663 879 1708 ἀγορεύεις.
903 1665 945 1698 de
971 1663 1027 1699 ἐπὶ
1053 1672 1088 1699 et
1115 1665 1167 1700 ἔτι
1191 1666 1279 1699 inter
1303 1676 1340 1699 se
1365 1662 1579 1698 commutatis
1603 1675 1637 1695 v.
1657 1660 1702 1704 ρ’,

35 1713 95 1756 41,
115 1712 242 1757 Odyss.
270 1710 324 1755 α’,
347 1711 428 1746 414.
453 1732 500 1737 ——
524 1714 579 1747 61.
608 1711 720 1757 αἴσῃ
747 1710 794 1746 ἐν
823 1708 921 1756 ἀργ.
947 1712 1067 1744 abesse
1092 1713 1187 1746 salvo
1205 1723 1306 1745 sensu
1324 1714 1463 1754 poterat
1478 1707 1702 1754 praepositio.

35 1771 71 1793 v.
97 1770 176 1793 ann.
200 1759 244 1791 ad
269 1756 311 1800 σ’,
342 1759 419 1793 135.
446 1778 491 1783 -
515 1760 570 1794 70.
597 1768 674 1791 anu.
697 1769 784 1791 scr.:
818 1757 904 1798 „o'‚
929 1759 1045 1792 606.“
1078 1777 1124 1782 —
1165 1760 1220 1794 72.
1247 1756 1390 1798 Critici‚
1417 1755 1535 1800 quanti
1558 1754 1702 1787 sumus?

38 1801 317 1849 ἆρηϊκταμένῳ,
349 1804 404 1837 vel
437 1802 527 1848 ἄρηϊ
559 1802 744 1847 κταμένῳ,
777 1803 1005 1849 δεδαϊγμένῳ
1041 1801 1118 1848 ὀξέϊ
1138 1805 1281 1849 χαλκῷ]
1315 1803 1392 1848 quis
1416 1803 1502 1835 haec
1528 1800 1704 1845 patienter

38 1852 131 1884 ferat
154 1851 360 1895 composita,
385 1861 458 1884 curn
481 1849 566 1884 nihil
591 1850 681 1883 aliud
705 1850 750 1883 sit
775 1847 864 1895 ἄρηϊ
887 1849 1065 1893 κτάμενος
1089 1863 1188 1896 quam
1214 1848 1451 1891 δεδαϊγμένος
1475 1846 1621 1892 zurlani?
1644 1850 1704 1879 aut

37 1896 116 1938 hic,
141 1901 200 1930 aut
225 1907 407 1940 nusquam,
434 1898 548 1929 fucum
576 1895 660 1929 fecit
692 1896 841 1930 librariis
865 1910 886 1930 κ
911 1902 945 1930 et
970 1908 990 1931 σ
1013 1897 1203 1931 litterarum
1229 1896 1439 1937 similitudo,
1473 1905 1536 1927 nec
1561 1892 1705 1926 dubium

38 1947 93 1976 est
116 1942 196 1987 quin
220 1942 319 1976 Hom.
344 1942 469 1975 dixerit
494 1939 577 1985 ἄρη’
601 1942 652 1985 (h.
681 1954 711 1977 e.
735 1941 840 1986 ἄρηϊ)
864 1942 1063 1987 ἱσταμένῳ,
1087 1945 1198 1978 stanti
1218 1945 1253 1976 in
1269 1944 1364 1976 bello.
1389 1941 1496 1973 verba
1521 1940 1602 1973 belli
1627 1949 1704 1971 esse

39 1988 218 2023 ἵστασθαι
251 1993 286 2021 et
320 1993 434 2028 stare,
470 2000 567 2022 nemo
599 1988 750 2032 ignorat.
798 1989 955 2034 Xenoph.
990 1991 1100 2025 Anab,
1129 1994 1167 2030 l,
1192 1992 1258 2028 10,
1284 1994 1338 2024 L:
1371 1988 1433 2022 καὶ
1459 1986 1494 2021 οἱ
1517 1985 1584 2029 μὲν
1610 1983 1703 2028 μετὰ

37 2031 199 2077 Ἀριαίου
233 2031 304 2069 οὐκ
337 2032 389 2068 ἔτι
423 2035 613 2072 ἵστανται.
648 2032 740 2069 ἀλλὰ
773 2033 964 2080 φεύγουσι.
996 2038 1041 2070 cf.
1066 2036 1210 2069 inferius
1234 2037 1299 2069 231
1327 2038 1392 2068 etc.
1416 2052 1464 2058 -
1486 2033 1541 2067 97.
1573 2043 1639 2065 scr.
1661 2043 1703 2065 π.

3 2105 10 2108 -
38 2079 99 2116 ἐπὶ
117 2094 179 2125 πρ.
203 2099 249 2105 -
273 2078 433 2124 ἐρείσας,
463 2082 496 2116 h.
520 2094 551 2115 e.
576 2079 762 2123 ἐπερείσας
786 2081 850 2125 (η’,
874 2082 980 2124 269),
1011 2083 1070 2116 ubi
1089 2083 1284 2116 acclinavit.
1313 2081 1357 2114 cf.
1384 2081 1462 2115 112.
1485 2097 1532 2103 --
1558 2079 1636 2114 111.
1662 2077 1705 2112 εἰ

28 2125 90 2163 δὲ
113 2146 180 2170 -,
215 2127 297 2171 qnid
317 2138 418 2167 vero,
453 2129 484 2161 εἰ
507 2145 625 2161 -.-
650 2126 726 2164 146,
752 2128 861 2162 malim
885 2125 998 2170 ὕπεκ,
1024 2134 1166 2162 accentu
1191 2132 1356 2163 retracto.
1382 2145 1427 2150 —
1453 2126 1530 2159 155.
1557 2136 1636 2159 ann.
1657 2123 1703 2157 ad

37 2172 262 2209 πλύνεσκονι
290 2192 368 2214 ,,-
394 2172 447 2214 ν’,
473 2174 564 2207 84.“
587 2173 683 2207 locus
707 2174 848 2208 alienus.
874 2194 919 2199 —
945 2175 1020 2209 195.
1047 2186 1123 2208 ann.
1148 2186 1213 2207 scr.
1239 2171 1335 2208 ’ὑπό
1361 2170 1596 2215 πιῗργους.-
1623 2171 1702 2205 199.

39 2216 98 2261 ὥς
127 2217 162 2255 δ’
193 2218 242 2255 ἐν
269 2215 443 2264 ὀνείρῳ
472 2218 526 2254 οὗ
558 2219 774 2255 δύναται
807 2219 1054 2265 φεύγοντα
1080 2219 1297 2259 διώκειν,
1347 2218 1451 2254 Οὕτ’
1489 2214 1552 2258 ἄρ’
1580 2214 1599 2250 ὃ
1624 2216 1703 2251 τὸν

41 2265 255 2302 δύναται
278 2261 610 2310 ὑποφεύγειν,
636 2264 746 2301 οὔθ’
771 2264 790 2302 ὁ
817 2268 1029 2303 διώκειν.
1062 2267 1197 2301 inutilia
1221 2270 1299 2299 suut
1322 2266 1431 2299 verba
1454 2261 1544 2300 οὔθ’
1570 2260 1590 2297 ὁ
1615 2259 1705 2297 διοί-

40 2323 141 2352 κειν,
166 2323 248 2356 nec,
275 2317 379 2356 puto,
402 2312 573 2356 genuina,
597 2312 657 2346 sed
683 2314 820 2348 dixerat
845 2315 943 2348 Hom.
968 2314 1146 2358 praeclara
1180 2311 1370 2346 sententia:
1403 2330 1448 2336 -
1480 2307 1706 2354 ὑποφεύγειν

45 2355 159 2399 αὖθ’,
193 2353 214 2393 δ’
240 2356 375 2395 διώκει.
408 2370 512 2404 saepe
540 2360 679 2393 confusa
699 2372 724 2393 α
756 2364 791 2393 et
815 2372 872 2394 ου.
900 2360 1104 2393 infinitivum
1128 2359 1244 2392 intulit
1280 2362 1480 2399 corrector,
1517 2363 1703 2403 postquam

42 2403 146 2439 scribi
170 2403 340 2447 coepisset
358 2402 453 2439 οὔθ’.
480 2425 527 2429 —
572 2407 651 2440 231.
678 2405 766 2439 haud
796 2407 895 2440 nolim
922 2406 1090 2448 στέομεν,
1113 2410 1153 2439 ut
1178 2406 1326 2446 εἴδομεν
1349 2404 1417 2438 244
1440 2407 1508 2437 etc.
1531 2421 1576 2427 -—
1624 2402 1705 2436 240.

42 2462 121 2484 ann.
143 2474 166 2491 ‚,
177 2450 344 2492 deinceps.
357 2454 381 2470 ‘⁶
412 2452 497 2484 imo:
518 2463 557 2484 ex
579 2452 720 2492 ordine,
745 2452 834 2485 alter
853 2457 932 2497 post
952 2453 1106 2486 alterum.
1132 2471 1176 2476 —
1223 2452 1302 2485 281.
1329 2450 1495 2495 quomodo
1514 2446 1705 2491 ἀρτιεπὴς,

42 2507 142 2548 quem
165 2496 339 2529 mentitum
361 2508 437 2530 esse
458 2496 569 2530 dicit?
593 2508 716 2530 vereor
735 2509 776 2530 ne
795 2498 985 2542 ponendum
1013 2499 1059 2532 sit
1080 2495 1174 2533 ἀλλά
1194 2496 1231 2531 τ’
1261 2493 1498 2540 ἀναρτιεπής.
1524 2494 1647 2528 similia
1673 2493 1708 2526 in

42 2541 141 2575 libris
159 2553 202 2581 α,
225 2553 272 2584 η,
299 2553 349 2580 ιςπ
374 2542 430 2576 hic
448 2543 552 2576 fuerit
580 2543 656 2576 sons
679 2543 816 2576 erroris.
842 2565 886 2571 -
934 2545 1012 2579 301.
1043 2555 1119 2580 ann.
1135 2543 1212 2577 dele
1226 2545 1332 2576 verba
1367 2568 1389 2584 „
1401 2540 1511 2576 ἀλέαν
1538 2559 1582 2564 —-
1609 2540 1708 2583 igno·

42 2588 152 2627 rat‚“
176 2585 342 2630 siquidem
366 2588 465 2622 Hom.
493 2587 604 2623 ἀλέαν
630 2590 776 2622 calorem
801 2589 888 2624 dixit
922 2591 967 2625 O.
991 2588 1034 2635 ρ’,
1067 2593 1144 2633 23.,
1169 2590 1264 2632 cujus
1284 2589 1348 2622 loci
1365 2594 1435 2622 tum
1454 2598 1520 2621 non
1540 2586 1702 2620 memine-

42 2644 124 2669 ram.
149 2651 193 2658 --
219 2632 298 2667 304.
331 2633 485 2667 similiter
518 2638 601 2679 Ap.:
628 2633 818 2671 ἀσπουδεί.
844 2637 954 2682 χωρὶς
976 2636 1096 2682 πάσης
1120 2637 1305 2679 σπουδῆς,
1331 2631 1420 2669 ἄνευ
1438 2633 1706 2669 κακοπαθείας.

32 2691 89 2705 ’-
122 2679 201 2713 313.
230 2678 500 2733 ‚quidni'dixerit
529 2680 769 2725 ἕμπροσθενῖ
800 2704 846 2709 —-
893 2684 972 2717 321.
1005 2695 1069 2717 scr.
1104 2684 1261 2725 εἴξειε.
1301 2701 1343 2706 -
1392 2682 1472 2715 327.
1506 2679 1619 2713 malim
1649 2677 1706 2710 hic

43 2735 178 2779 (1⁰,qu
215 2737 404 2768 ἄντικρυς·
429 2744 475 2750 -·
520 2729 598 2763 328.
634 2728 818 2772 explicatio
849 2729 1035 2774 spesiosior
1066 2741 1166 2774 quam
1185 2728 1309 2762 verior.
1336 2727 1446 2761 malim
1475 2737 1577 2759 sane:
1601 2725 1704 2768 μελίῃ

43 2783 136 2824 ταμε
160 2773 416 2816 χαλκοβαρείῃ.
438 2791 485 2796 —-
513 2773 593 2807 345.
618 2785 695 2809 ann.
715 2785 813 2807 versu
831 2774 864 2809 4.
883 2786 949 2809 scr.
974 2778 1155 2809 cerebrum.
1188 2793 1234 2799 —
1258 2774 1337 2807 439.
1365 2773 1540 2816 μίμνε,
1563 2771 1704 2811 mansit,

45 2828 172 2862 quippe
191 2817 334 2851 occisus.
367 2817 522 2852 similiter
540 2820 705 2853 Germani
722 2820 757 2853 in
787 2820 845 2853 tali
870 2832 991 2854 causa:
1018 2834 1054 2855 er
1074 2823 1170 2855 blieb.
1196 2839 1242 2844 —
1266 2819 1343 2854 454.
1370 2830 1436 2852 scr.
1461 2814 1532 2851 ἄπ’
1557 2817 1706 2855 οὔατος.

50 2881 88 2905 -ὴ
119 2863 198 2915 ξὲ99.
230 2863 284 2897 hic
304 2875 438 2908 quoque
463 2865 571 2897 satius
596 2866 702 2899 fuerit
725 2866 830 2898 scribi
856 2862 903 2899 ἇῖν
928 2865 1016 2911 εἶσι,
1042 2874 1081 2901 ut
1105 2868 1184 2901 492.
1209 2884 1254 2890 —
1300 2865 1377 2899 504.
1403 2863 1596 2898 versiculus
1624 2874 1707 2897 con-

47 2907 232 2964 glutinatus
265 2921 285 2944 a
319 2910 487 2950 metrico,
519 2909 579 2954 qui
607 2911 948 2956 interpretationibus
975 2914 1154 2947 verborum
1187 2908 1322 2954 μυελόν
1361 2930 1404 2936 -
1443 2909 1568 2952 δημόν
1601 2914 1638 2943 et
1669 2907 1707 2942 ἐν

48 2957 268 3000 λεκτροισιν,
292 2955 327 2991 in
350 2956 503 3001 margine
528 2956 732 3003 adscriptis,
767 2959 981 2994 abuteretur.
1014 2960 1247 3006 scripserant,
1283 2962 1390 3005 puto,
1417 2957 1645 3003 explicatores
1665 2954 1706 2992 ἐν
