<?xml version="1.0" encoding="UTF-8"?>
<!DOCTYPE html PUBLIC "-//W3C//DTD XHTML 1.0 Transitional//EN"
    "http://www.w3.org/TR/xhtml1/DTD/xhtml1-transitional.dtd">
<html xmlns="http://www.w3.org/1999/xhtml" xml:lang="en" lang="en">
 <head>
  <title>
</title>
<meta http-equiv="Content-Type" content="text/html;charset=utf-8" />
  <meta name='ocr-system' content='tesseract 3.04.00' />
  <meta name='ocr-capabilities' content='ocr_page ocr_carea ocr_par ocr_line ocrx_word'/>
</head>
<body>
  <div class='ocr_page' id='page_1' title='image "./carmina05home/carmina05home_0146.png"; bbox 0 0 1821 3288; ppageno 0'>
   <div class='ocr_carea' id='block_1_1' title="bbox 97 111 183 151">
    <p class='ocr_par' dir='ltr' id='par_1_1' title="bbox 97 111 183 151">
     <span class='ocr_line' id='line_1_1' title="bbox 97 111 183 151; baseline -0.012 0"><span class='ocrx_word' id='word_1_1' title='bbox 97 111 183 151; x_wconf 76' lang='lat'><strong><em>140</em></strong></span> 
     </span>
    </p>
   </div>
   <div class='ocr_carea' id='block_1_2' title="bbox 729 105 1130 150">
    <p class='ocr_par' dir='ltr' id='par_1_2' title="bbox 729 105 1130 150">
     <span class='ocr_line' id='line_1_2' title="bbox 729 105 1130 150; baseline 0 0"><span class='ocrx_word' id='word_1_2' title='bbox 729 105 1130 150; x_wconf 65' lang='grc' dir='ltr'><strong>ΟΜΗΡΟΥ</strong></span> 
     </span>
    </p>
   </div>
   <div class='ocr_carea' id='block_1_3' title="bbox 185 213 1529 669">
    <p class='ocr_par' dir='ltr' id='par_1_3' title="bbox 267 213 1529 328">
     <span class='ocr_line' id='line_1_3' title="bbox 269 213 1529 289; baseline 0 -29"><span class='ocrx_word' id='word_1_3' title='bbox 269 219 327 272; x_wconf 81' lang='grc' dir='ltr'><strong><em>βῆ</em></strong></span> <span class='ocrx_word' id='word_1_4' title='bbox 360 215 404 260; x_wconf 84' lang='grc' dir='ltr'><strong><em>δ’</em></strong></span> <span class='ocrx_word' id='word_1_5' title='bbox 433 218 581 272; x_wconf 85' lang='grc' dir='ltr'><strong><em>ἰ’μεναι</em></strong></span> <span class='ocrx_word' id='word_1_6' title='bbox 610 213 864 289; x_wconf 78' lang='grc' dir='ltr'><strong><em>θάλαμόνδε</em></strong></span> <span class='ocrx_word' id='word_1_7' title='bbox 894 215 979 260; x_wconf 91' lang='grc' dir='ltr'><strong><em>συν</em></strong></span> <span class='ocrx_word' id='word_1_8' title='bbox 1010 214 1301 288; x_wconf 79' lang='grc' dir='ltr'><em>ἀμφιπόλοισι</em></span> <span class='ocrx_word' id='word_1_9' title='bbox 1327 216 1529 273; x_wconf 82' lang='grc' dir='ltr'><strong><em>γυναιξὶν</em></strong></span> 
     </span>
     <span class='ocr_line' id='line_1_4' title="bbox 267 272 1384 328; baseline 0 -11"><span class='ocrx_word' id='word_1_10' title='bbox 267 274 470 328; x_wconf 86' lang='grc' dir='ltr'><strong><em>ε’σχατον,</em></strong></span> <span class='ocrx_word' id='word_1_11' title='bbox 502 272 612 317; x_wconf 75' lang='grc' dir='ltr'><strong><em>ἔνθα</em></strong></span> <span class='ocrx_word' id='word_1_12' title='bbox 645 274 693 317; x_wconf 84' lang='grc' dir='ltr'><strong><em>δέ</em></strong></span> <span class='ocrx_word' id='word_1_13' title='bbox 727 275 770 317; x_wconf 78' lang='grc' dir='ltr'><strong><em>οἱ</em></strong></span> <span class='ocrx_word' id='word_1_14' title='bbox 798 272 999 327; x_wconf 80' lang='grc' dir='ltr'><strong><em>κειμήλια</em></strong></span> <span class='ocrx_word' id='word_1_15' title='bbox 1027 279 1145 318; x_wconf 84' lang='grc' dir='ltr'><strong><em>κεῖτο</em></strong></span> <span class='ocrx_word' id='word_1_16' title='bbox 1176 273 1384 324; x_wconf 84' lang='grc' dir='ltr'><strong><em>α’νακτος,</em></strong></span> 
     </span>
    </p>

    <p class='ocr_par' dir='ltr' id='par_1_4' title="bbox 185 328 1445 609">
     <span class='ocr_line' id='line_1_5' title="bbox 185 328 1411 400; baseline 0 -26"><span class='ocrx_word' id='word_1_17' title='bbox 185 335 239 377; x_wconf 84' lang='grc'><strong><em>10</em></strong></span> <span class='ocrx_word' id='word_1_18' title='bbox 267 330 426 384; x_wconf 89' lang='grc' dir='ltr'><strong><em>χαλκός</em></strong></span> <span class='ocrx_word' id='word_1_19' title='bbox 453 347 521 381; x_wconf 91' lang='grc' dir='ltr'><strong><em>τε,</em></strong></span> <span class='ocrx_word' id='word_1_20' title='bbox 550 330 712 384; x_wconf 82' lang='grc' dir='ltr'><strong><em>χρυσός</em></strong></span> <span class='ocrx_word' id='word_1_21' title='bbox 740 346 811 381; x_wconf 85' lang='grc' dir='ltr'><strong><em>τε,</em></strong></span> <span class='ocrx_word' id='word_1_22' title='bbox 841 328 1126 400; x_wconf 82' lang='grc' dir='ltr'><strong><em>πολύκμητός</em></strong></span> <span class='ocrx_word' id='word_1_23' title='bbox 1146 347 1191 374; x_wconf 89' lang='grc' dir='ltr'><strong><em>τε</em></strong></span> <span class='ocrx_word' id='word_1_24' title='bbox 1221 332 1411 400; x_wconf 80' lang='grc' dir='ltr'><strong><em>σίδηρος.</em></strong></span> 
     </span>
     <span class='ocr_line' id='line_1_6' title="bbox 268 385 1400 459; baseline 0.001 -30"><span class='ocrx_word' id='word_1_25' title='bbox 268 387 378 429; x_wconf 79' lang='grc' dir='ltr'><strong><em>ε’νθα</em></strong></span> <span class='ocrx_word' id='word_1_26' title='bbox 408 387 455 430; x_wconf 78' lang='grc' dir='ltr'><strong><em>δὲ</em></strong></span> <span class='ocrx_word' id='word_1_27' title='bbox 484 385 611 438; x_wconf 81' lang='grc' dir='ltr'><strong><em>τόξον</em></strong></span> <span class='ocrx_word' id='word_1_28' title='bbox 639 390 755 428; x_wconf 84' lang='grc' dir='ltr'><strong>κεῖτο</strong></span> <span class='ocrx_word' id='word_1_29' title='bbox 785 387 1068 439; x_wconf 81' lang='grc' dir='ltr'><strong><em>παλίντονον,</em></strong></span> <span class='ocrx_word' id='word_1_30' title='bbox 1097 385 1174 442; x_wconf 80' lang='grc' dir='ltr'><strong><em>η’δὲ</em></strong></span> <span class='ocrx_word' id='word_1_31' title='bbox 1203 387 1400 459; x_wconf 80' lang='grc' dir='ltr'><strong><em>φαρέτρη</em></strong></span> 
     </span>
     <span class='ocr_line' id='line_1_7' title="bbox 266 441 1380 496; baseline 0.002 -12"><span class='ocrx_word' id='word_1_32' title='bbox 266 441 467 496; x_wconf 77' lang='grc' dir='ltr'><strong><em>ἰοδόκος,</em></strong></span> <span class='ocrx_word' id='word_1_33' title='bbox 496 442 652 486; x_wconf 85' lang='grc' dir='ltr'><strong><em>πολλοὶ</em></strong></span> <span class='ocrx_word' id='word_1_34' title='bbox 681 441 725 485; x_wconf 82' lang='grc' dir='ltr'><strong><em>δ’</em></strong></span> <span class='ocrx_word' id='word_1_35' title='bbox 756 442 907 485; x_wconf 75' lang='grc' dir='ltr'><strong><em>ἔνεσαν</em></strong></span> <span class='ocrx_word' id='word_1_36' title='bbox 937 443 1185 493; x_wconf 79' lang='grc' dir='ltr'><strong><em>στονόεντες</em></strong></span> <span class='ocrx_word' id='word_1_37' title='bbox 1221 443 1380 487; x_wconf 81' lang='grc' dir='ltr'><strong><em>ὀὶστοί·</em></strong></span> 
     </span>
     <span class='ocr_line' id='line_1_8' title="bbox 259 499 1445 569; baseline 0.003 -28.026"><span class='ocrx_word' id='word_1_38' title='bbox 259 500 412 567; x_wconf 81' lang='grc' dir='ltr'><strong><em>δῶρα,</em></strong></span> <span class='ocrx_word' id='word_1_39' title='bbox 451 499 505 541; x_wconf 82' lang='grc' dir='ltr'><strong><em>τά</em></strong></span> <span class='ocrx_word' id='word_1_40' title='bbox 535 500 578 542; x_wconf 83' lang='grc' dir='ltr'><strong><em>οἱ</em></strong></span> <span class='ocrx_word' id='word_1_41' title='bbox 607 500 743 549; x_wconf 81' lang='grc' dir='ltr'><strong><em>ξεῖνος</em></strong></span> <span class='ocrx_word' id='word_1_42' title='bbox 763 499 1069 569; x_wconf 81' lang='grc' dir='ltr'><strong><em>Λακεδαίμονι</em></strong></span> <span class='ocrx_word' id='word_1_43' title='bbox 1098 502 1209 542; x_wconf 77' lang='grc' dir='ltr'><strong><em>δῶκε</em></strong></span> <span class='ocrx_word' id='word_1_44' title='bbox 1238 500 1445 557; x_wconf 72' lang='grc' dir='ltr'><strong><em>τυχήσας,</em></strong></span> 
     </span>
     <span class='ocr_line' id='line_1_9' title="bbox 259 553 1296 627; baseline 0.001 -29.014"><span class='ocrx_word' id='word_1_45' title='bbox 259 553 425 627; x_wconf 80' lang='grc' dir='ltr'><strong><em>Ἴφιτος</em></strong></span> <span class='ocrx_word' id='word_1_46' title='bbox 454 554 723 609; x_wconf 80' lang='grc' dir='ltr'><strong><em>Εὐρυτίδης,</em></strong></span> <span class='ocrx_word' id='word_1_47' title='bbox 759 553 990 605; x_wconf 74' lang='grc' dir='ltr'><strong><em>ἐπιείκελος</em></strong></span> <span class='ocrx_word' id='word_1_48' title='bbox 1020 556 1296 600; x_wconf 79' lang='grc' dir='ltr'><strong><em>ἀθανάτοισι.</em></strong></span> 
     </span>
    </p>

    <p class='ocr_par' dir='ltr' id='par_1_5' title="bbox 186 609 1280 669">
     <span class='ocr_line' id='line_1_10' title="bbox 186 609 1280 669; baseline -0.001 -13"><span class='ocrx_word' id='word_1_49' title='bbox 186 615 237 657; x_wconf 90' lang='grc'><strong><em>15</em></strong></span> <span class='ocrx_word' id='word_1_50' title='bbox 267 613 326 657; x_wconf 78' lang='grc' dir='ltr'><strong><em>τώ</em></strong></span> <span class='ocrx_word' id='word_1_51' title='bbox 358 611 401 656; x_wconf 90' lang='lat'><strong><em>6’</em></strong></span> <span class='ocrx_word' id='word_1_52' title='bbox 434 613 480 656; x_wconf 80' lang='grc' dir='ltr'><strong><em>ἐν</em></strong></span> <span class='ocrx_word' id='word_1_53' title='bbox 509 610 722 668; x_wconf 80' lang='grc' dir='ltr'><strong><em>Μεσσήνῃ</em></strong></span> <span class='ocrx_word' id='word_1_54' title='bbox 754 609 1002 669; x_wconf 84' lang='grc' dir='ltr'><strong><em>ξυμβλητην</em></strong></span> <span class='ocrx_word' id='word_1_55' title='bbox 1035 612 1280 669; x_wconf 79' lang='grc' dir='ltr'><strong><em>ἀλλήλοιιν,</em></strong></span> 
     </span>
    </p>
   </div>
   <div class='ocr_carea' id='block_1_4' title="bbox 94 734 908 1486">
    <p class='ocr_par' dir='ltr' id='par_1_6' title="bbox 94 734 908 1477">
     <span class='ocr_line' id='line_1_11' title="bbox 97 734 907 792; baseline 0.002 -21"><span class='ocrx_word' id='word_1_56' title='bbox 97 748 131 773; x_wconf 75' lang='grc' dir='ltr'><strong><em>ν.</em></strong></span> <span class='ocrx_word' id='word_1_57' title='bbox 150 747 229 771; x_wconf 89' lang='lat' dir='ltr'>ann.</span> <span class='ocrx_word' id='word_1_58' title='bbox 255 736 299 771; x_wconf 84' lang='lat' dir='ltr'><strong><em>ad</em></strong></span> <span class='ocrx_word' id='word_1_59' title='bbox 325 735 364 778; x_wconf 85' lang='grc' dir='ltr'><strong><em>ε’,</em></strong></span> <span class='ocrx_word' id='word_1_60' title='bbox 388 736 444 771; x_wconf 78' lang='lat'><strong><em>72.</em></strong></span> <span class='ocrx_word' id='word_1_61' title='bbox 494 735 545 772; x_wconf 84' lang='lat' dir='ltr'><strong><em>E:</em></strong></span> <span class='ocrx_word' id='word_1_62' title='bbox 568 734 729 792; x_wconf 80' lang='grc' dir='ltr'><strong><em>κώπην</em></strong></span> <span class='ocrx_word' id='word_1_63' title='bbox 751 734 793 773; x_wconf 77' lang='grc' dir='ltr'><strong><em>δὲ</em></strong></span> <span class='ocrx_word' id='word_1_64' title='bbox 816 736 907 773; x_wconf 75' lang='grc' dir='ltr'><strong><em>ἐλε-</em></strong></span> 
     </span>
     <span class='ocr_line' id='line_1_12' title="bbox 98 780 907 840; baseline 0.001 -23"><span class='ocrx_word' id='word_1_65' title='bbox 98 783 252 838; x_wconf 86' lang='grc' dir='ltr'><strong><em>φαντί</em></strong></span> <span class='ocrx_word' id='word_1_66' title='bbox 265 795 355 837; x_wconf 83' lang='grc' dir='ltr'><strong><em>νην</em></strong></span> <span class='ocrx_word' id='word_1_67' title='bbox 379 781 447 825; x_wconf 83' lang='grc' dir='ltr'><strong><em>τήν</em></strong></span> <span class='ocrx_word' id='word_1_68' title='bbox 468 780 588 837; x_wconf 75' lang='grc' dir='ltr'><strong><em>λαβήν</em></strong></span> <span class='ocrx_word' id='word_1_69' title='bbox 608 781 714 827; x_wconf 84' lang='grc' dir='ltr'><strong><em>λέγει,</em></strong></span> <span class='ocrx_word' id='word_1_70' title='bbox 726 783 907 840; x_wconf 85' lang='grc' dir='ltr'><strong><em>τοιαύτην</em></strong></span> 
     </span>
     <span class='ocr_line' id='line_1_13' title="bbox 97 825 908 888; baseline 0.005 -26"><span class='ocrx_word' id='word_1_71' title='bbox 97 840 214 866; x_wconf 86' lang='grc' dir='ltr'><strong><em>ουσαν</em></strong></span> <span class='ocrx_word' id='word_1_72' title='bbox 231 825 296 863; x_wconf 84' lang='grc' dir='ltr'><strong><em>δια</em></strong></span> <span class='ocrx_word' id='word_1_73' title='bbox 314 826 354 864; x_wconf 82' lang='grc' dir='ltr'><strong><em>τὸ</em></strong></span> <span class='ocrx_word' id='word_1_74' title='bbox 371 826 606 870; x_wconf 82' lang='grc' dir='ltr'><strong><em>τιμιώτερον·</em></strong></span> <span class='ocrx_word' id='word_1_75' title='bbox 633 829 672 864; x_wconf 78' lang='grc' dir='ltr'><strong><em>αὶ</em></strong></span> <span class='ocrx_word' id='word_1_76' title='bbox 688 829 760 888; x_wconf 70' lang='grc' dir='ltr'><strong><em>γὰρ</em></strong></span> <span class='ocrx_word' id='word_1_77' title='bbox 780 830 908 866; x_wconf 82' lang='grc' dir='ltr'><strong><em>λοιπαὶ</em></strong></span> 
     </span>
     <span class='ocr_line' id='line_1_14' title="bbox 97 873 907 933; baseline 0.002 -24"><span class='ocrx_word' id='word_1_78' title='bbox 97 874 255 918; x_wconf 82' lang='grc' dir='ltr'><strong><em>ξύλινοι,</em></strong></span> <span class='ocrx_word' id='word_1_79' title='bbox 280 873 330 914; x_wconf 79' lang='grc' dir='ltr'><strong><em>ὠς</em></strong></span> <span class='ocrx_word' id='word_1_80' title='bbox 354 874 464 916; x_wconf 81' lang='grc' dir='ltr'><strong><em>εἰκός.</em></strong></span> <span class='ocrx_word' id='word_1_81' title='bbox 516 887 655 911; x_wconf 77' lang='grc' dir='ltr'><strong><em>ουκουν</em></strong></span> <span class='ocrx_word' id='word_1_82' title='bbox 687 875 747 912; x_wconf 82' lang='grc' dir='ltr'><strong><em>ἐπὶ</em></strong></span> <span class='ocrx_word' id='word_1_83' title='bbox 774 879 907 933; x_wconf 80' lang='grc' dir='ltr'><strong><em>ξίφους</em></strong></span> 
     </span>
     <span class='ocr_line' id='line_1_15' title="bbox 97 919 904 968; baseline 0.004 -13"><span class='ocrx_word' id='word_1_84' title='bbox 97 920 219 965; x_wconf 87' lang='grc' dir='ltr'><strong><em>μόνου</em></strong></span> <span class='ocrx_word' id='word_1_85' title='bbox 264 921 392 965; x_wconf 79' lang='lat' dir='ltr'>(malim</span> <span class='ocrx_word' id='word_1_86' title='bbox 425 919 561 965; x_wconf 79' lang='grc' dir='ltr'><strong><em>μόνον)</em></strong></span> <span class='ocrx_word' id='word_1_87' title='bbox 603 919 626 967; x_wconf 85' lang='grc' dir='ltr'><em>ἡ</em></span> <span class='ocrx_word' id='word_1_88' title='bbox 657 921 782 968; x_wconf 77' lang='grc' dir='ltr'><strong><em>κώπη,</em></strong></span> <span class='ocrx_word' id='word_1_89' title='bbox 821 921 904 958; x_wconf 74' lang='grc' dir='ltr'><strong><em>ἀλλ’</em></strong></span> 
     </span>
     <span class='ocr_line' id='line_1_16' title="bbox 98 966 906 1012; baseline 0.003 -9"><span class='ocrx_word' id='word_1_90' title='bbox 98 966 185 1003; x_wconf 84' lang='grc' dir='ltr'><strong><em>ἰδον</em></strong></span> <span class='ocrx_word' id='word_1_91' title='bbox 211 970 272 1004; x_wconf 84' lang='grc' dir='ltr'><strong><em>καὶ</em></strong></span> <span class='ocrx_word' id='word_1_92' title='bbox 308 967 367 1002; x_wconf 79' lang='grc' dir='ltr'><strong><em>ἐπὶ</em></strong></span> <span class='ocrx_word' id='word_1_93' title='bbox 399 968 466 1012; x_wconf 83' lang='grc' dir='ltr'><strong><em>τῆς</em></strong></span> <span class='ocrx_word' id='word_1_94' title='bbox 503 969 793 1012; x_wconf 81' lang='grc' dir='ltr'><strong><em>δρεπανοειδοῦς</em></strong></span> <span class='ocrx_word' id='word_1_95' title='bbox 816 969 906 1005; x_wconf 79' lang='grc' dir='ltr'><strong><em>ταύ-</em></strong></span> 
     </span>
     <span class='ocr_line' id='line_1_17' title="bbox 95 1009 905 1060; baseline 0.004 -13"><span class='ocrx_word' id='word_1_96' title='bbox 95 1027 163 1057; x_wconf 87' lang='grc' dir='ltr'><strong><em>της</em></strong></span> <span class='ocrx_word' id='word_1_97' title='bbox 186 1009 341 1059; x_wconf 81' lang='grc' dir='ltr'><strong><em>κληῗδος</em></strong></span> <span class='ocrx_word' id='word_1_98' title='bbox 365 1020 432 1048; x_wconf 84' lang='lat' dir='ltr'>etc.</span> <span class='ocrx_word' id='word_1_99' title='bbox 481 1014 585 1048; x_wconf 90' lang='lat' dir='ltr'>Sch.·</span> <span class='ocrx_word' id='word_1_100' title='bbox 611 1014 753 1060; x_wconf 81' lang='grc' dir='ltr'><strong><em>κώπη.</em></strong></span> <span class='ocrx_word' id='word_1_101' title='bbox 802 1014 905 1060; x_wconf 88' lang='grc' dir='ltr'><strong><em>ἠλα-</em></strong></span> 
     </span>
     <span class='ocr_line' id='line_1_18' title="bbox 96 1059 905 1117; baseline 0.004 -23"><span class='ocrx_word' id='word_1_102' title='bbox 96 1060 144 1108; x_wconf 86' lang='grc' dir='ltr'><em>βή</em></span> <span class='ocrx_word' id='word_1_103' title='bbox 168 1061 235 1095; x_wconf 80' lang='grc' dir='ltr'><strong><em>τοῦ</em></strong></span> <span class='ocrx_word' id='word_1_104' title='bbox 271 1061 425 1104; x_wconf 80' lang='grc' dir='ltr'><strong><em>ξίφους,</em></strong></span> <span class='ocrx_word' id='word_1_105' title='bbox 463 1059 486 1117; x_wconf 78' lang='grc' dir='ltr'><em>ᾗ</em></span> <span class='ocrx_word' id='word_1_106' title='bbox 521 1060 671 1096; x_wconf 82' lang='grc' dir='ltr'><strong><em>κόπτειν</em></strong></span> <span class='ocrx_word' id='word_1_107' title='bbox 704 1063 905 1106; x_wconf 81' lang='grc' dir='ltr'><strong><em>δυναμένη,</em></strong></span> 
     </span>
     <span class='ocr_line' id='line_1_19' title="bbox 95 1105 904 1164; baseline -0.001 -22"><span class='ocrx_word' id='word_1_108' title='bbox 95 1119 198 1150; x_wconf 86' lang='grc' dir='ltr'><strong><em>παρα</em></strong></span> <span class='ocrx_word' id='word_1_109' title='bbox 230 1105 272 1141; x_wconf 89' lang='grc' dir='ltr'><strong><em>τὸ</em></strong></span> <span class='ocrx_word' id='word_1_110' title='bbox 307 1105 415 1150; x_wconf 70' lang='lat' dir='ltr'>nour}</span> <span class='ocrx_word' id='word_1_111' title='bbox 450 1105 691 1164; x_wconf 73' lang='grc' dir='ltr'><strong><em>ἁναβιβασμῷ</em></strong></span> <span class='ocrx_word' id='word_1_112' title='bbox 722 1122 754 1143; x_wconf 85' lang='grc' dir='ltr'><strong><em>κ.</em></strong></span> <span class='ocrx_word' id='word_1_113' title='bbox 787 1121 904 1153; x_wconf 84' lang='grc' dir='ltr'><strong><em>τροπῃ</em></strong></span> 
     </span>
     <span class='ocr_line' id='line_1_20' title="bbox 95 1151 906 1208; baseline 0 -19"><span class='ocrx_word' id='word_1_114' title='bbox 95 1152 213 1195; x_wconf 85' lang='grc' dir='ltr'><strong><em>κώπη.</em></strong></span> <span class='ocrx_word' id='word_1_115' title='bbox 239 1152 300 1188; x_wconf 81' lang='grc' dir='ltr'><strong><em>καὶ</em></strong></span> <span class='ocrx_word' id='word_1_116' title='bbox 325 1151 348 1196; x_wconf 77' lang='grc' dir='ltr'><em>ἦ</em></span> <span class='ocrx_word' id='word_1_117' title='bbox 375 1152 449 1187; x_wconf 78' lang='grc' dir='ltr'><strong><em>τῶν</em></strong></span> <span class='ocrx_word' id='word_1_118' title='bbox 480 1151 614 1208; x_wconf 73' lang='grc' dir='ltr'><strong><em>ἐρετῶν</em></strong></span> <span class='ocrx_word' id='word_1_119' title='bbox 636 1152 743 1199; x_wconf 78' lang='grc' dir='ltr'><strong><em>κώπη</em></strong></span> <span class='ocrx_word' id='word_1_120' title='bbox 766 1154 906 1198; x_wconf 80' lang='grc' dir='ltr'><strong><em>λέγεται</em></strong></span> 
     </span>
     <span class='ocr_line' id='line_1_21' title="bbox 98 1197 904 1244; baseline 0 -9"><span class='ocrx_word' id='word_1_121' title='bbox 98 1199 203 1242; x_wconf 74' lang='grc' dir='ltr'><strong><em>παρὰ</em></strong></span> <span class='ocrx_word' id='word_1_122' title='bbox 228 1199 270 1235; x_wconf 86' lang='grc' dir='ltr'><strong><em>τὸ</em></strong></span> <span class='ocrx_word' id='word_1_123' title='bbox 295 1199 445 1233; x_wconf 81' lang='grc' dir='ltr'><strong><em>κόπτειν</em></strong></span> <span class='ocrx_word' id='word_1_124' title='bbox 468 1200 511 1233; x_wconf 86' lang='grc' dir='ltr'><strong><em>τὸ</em></strong></span> <span class='ocrx_word' id='word_1_125' title='bbox 537 1197 650 1244; x_wconf 78' lang='grc' dir='ltr'><strong><em>ὕδωρ.</em></strong></span> <span class='ocrx_word' id='word_1_126' title='bbox 674 1220 720 1225; x_wconf 86' lang='lat'><strong>—</strong></span> <span class='ocrx_word' id='word_1_127' title='bbox 751 1201 904 1235; x_wconf 80' lang='grc' dir='ltr'><strong><em>θάλα-</em></strong></span> 
     </span>
     <span class='ocr_line' id='line_1_22' title="bbox 95 1245 906 1292; baseline 0 -12"><span class='ocrx_word' id='word_1_128' title='bbox 95 1259 184 1292; x_wconf 90' lang='grc' dir='ltr'><strong><em>μον</em></strong></span> <span class='ocrx_word' id='word_1_129' title='bbox 208 1246 239 1279; x_wconf 88' lang='grc' dir='ltr'><strong>Ε</strong></span> <span class='ocrx_word' id='word_1_130' title='bbox 264 1250 360 1279; x_wconf 87' lang='lat' dir='ltr'>recte</span> <span class='ocrx_word' id='word_1_131' title='bbox 384 1245 635 1290; x_wconf 85' lang='lat' dir='ltr'>interpretatur</span> <span class='ocrx_word' id='word_1_132' title='bbox 657 1245 700 1280; x_wconf 76' lang='grc' dir='ltr'><strong><em>τὸ</em></strong></span> <span class='ocrx_word' id='word_1_133' title='bbox 727 1250 906 1289; x_wconf 87' lang='grc' dir='ltr'><strong><em>ταμιεῖον.</em></strong></span> 
     </span>
     <span class='ocr_line' id='line_1_23' title="bbox 96 1291 905 1338; baseline 0.002 -12"><span class='ocrx_word' id='word_1_134' title='bbox 96 1305 128 1326; x_wconf 86' lang='lat' dir='ltr'><strong><em>v.</em></strong></span> <span class='ocrx_word' id='word_1_135' title='bbox 155 1292 200 1338; x_wconf 81' lang='grc' dir='ltr'><strong><em>β’,</em></strong></span> <span class='ocrx_word' id='word_1_136' title='bbox 233 1293 301 1326; x_wconf 85' lang='grc'><strong><em>337</em></strong></span> <span class='ocrx_word' id='word_1_137' title='bbox 334 1296 402 1325; x_wconf 83' lang='lat' dir='ltr'><strong><em>etc.</em></strong></span> <span class='ocrx_word' id='word_1_138' title='bbox 437 1311 483 1317; x_wconf 91' lang='lat'><strong><em>-—</em></strong></span> <span class='ocrx_word' id='word_1_139' title='bbox 518 1291 630 1326; x_wconf 83' lang='lat' dir='ltr'>Palat.</span> <span class='ocrx_word' id='word_1_140' title='bbox 661 1297 696 1325; x_wconf 86' lang='lat' dir='ltr'><strong><em>et</em></strong></span> <span class='ocrx_word' id='word_1_141' title='bbox 728 1294 831 1327; x_wconf 91' lang='lat' dir='ltr'>Sch.·</span> <span class='ocrx_word' id='word_1_142' title='bbox 869 1292 905 1328; x_wconf 85' lang='grc' dir='ltr'><strong><em>ε’-</em></strong></span> 
     </span>
     <span class='ocr_line' id='line_1_24' title="bbox 97 1336 906 1384; baseline 0.001 -12"><span class='ocrx_word' id='word_1_143' title='bbox 97 1351 277 1383; x_wconf 82' lang='grc' dir='ltr'><strong><em>σχατον</em></strong></span> <span class='ocrx_word' id='word_1_144' title='bbox 311 1339 381 1376; x_wconf 80' lang='grc' dir='ltr'><strong><em>νῦν</em></strong></span> <span class='ocrx_word' id='word_1_145' title='bbox 416 1337 458 1373; x_wconf 82' lang='grc' dir='ltr'><strong><em>τὸ</em></strong></span> <span class='ocrx_word' id='word_1_146' title='bbox 493 1336 705 1374; x_wconf 78' lang='grc' dir='ltr'><strong><em>ἔνδότατον.</em></strong></span> <span class='ocrx_word' id='word_1_147' title='bbox 738 1359 783 1364; x_wconf 93' lang='lat'><strong><em>-—</em></strong></span> <span class='ocrx_word' id='word_1_148' title='bbox 825 1351 906 1384; x_wconf 88' lang='lat' dir='ltr'>pro-</span> 
     </span>
     <span class='ocr_line' id='line_1_25' title="bbox 96 1383 906 1431; baseline 0 -13"><span class='ocrx_word' id='word_1_149' title='bbox 96 1386 171 1431; x_wconf 86' lang='lat' dir='ltr'>prie</span> <span class='ocrx_word' id='word_1_150' title='bbox 196 1384 284 1417; x_wconf 85' lang='lat' dir='ltr'>dixit</span> <span class='ocrx_word' id='word_1_151' title='bbox 309 1383 535 1427; x_wconf 84' lang='grc' dir='ltr'><strong><em>κειμήλια</em></strong></span> <span class='ocrx_word' id='word_1_152' title='bbox 566 1388 714 1426; x_wconf 81' lang='grc' dir='ltr'><strong><em>κεῖτο,</em></strong></span> <span class='ocrx_word' id='word_1_153' title='bbox 738 1385 906 1429; x_wconf 73' lang='lat' dir='ltr'><strong>siquidem</strong></span> 
     </span>
     <span class='ocr_line' id='line_1_26' title="bbox 94 1430 906 1486; baseline -0.001 -21"><span class='ocrx_word' id='word_1_154' title='bbox 94 1430 283 1477; x_wconf 74' lang='grc' dir='ltr'><strong><em>κειμήλιον</em></strong></span> <span class='ocrx_word' id='word_1_155' title='bbox 316 1442 337 1464; x_wconf 84' lang='lat' dir='ltr'>a</span> <span class='ocrx_word' id='word_1_156' title='bbox 370 1431 475 1469; x_wconf 85' lang='lat' dir='ltr'>verbo</span> <span class='ocrx_word' id='word_1_157' title='bbox 514 1434 664 1465; x_wconf 82' lang='grc' dir='ltr'><strong><em>κεῖσθαι</em></strong></span> <span class='ocrx_word' id='word_1_158' title='bbox 697 1432 906 1486; x_wconf 85' lang='lat' dir='ltr'>appellatum</span> 
     </span>
    </p>
   </div>
   <div class='ocr_carea' id='block_1_5' title="bbox 95 1474 904 1565">
    <p class='ocr_par' dir='ltr' id='par_1_7' title="bbox 95 1474 904 1565">
     <span class='ocr_line' id='line_1_27' title="bbox 96 1474 904 1532; baseline -0.001 -20"><span class='ocrx_word' id='word_1_159' title='bbox 96 1484 158 1513; x_wconf 79' lang='lat' dir='ltr'>es.t</span> <span class='ocrx_word' id='word_1_160' title='bbox 182 1479 270 1532; x_wconf 87' lang='lat' dir='ltr'><strong><em>Ap.</em></strong></span> <span class='ocrx_word' id='word_1_161' title='bbox 300 1475 479 1531; x_wconf 80' lang='grc' dir='ltr'><strong><em>κειμήλια.</em></strong></span> <span class='ocrx_word' id='word_1_162' title='bbox 520 1474 692 1512; x_wconf 58' lang='lat' dir='ltr'><strong><em>and-&amp;eva</em></strong></span> <span class='ocrx_word' id='word_1_163' title='bbox 723 1476 904 1522; x_wconf 84' lang='grc' dir='ltr'><strong><em>χρήματα.</em></strong></span> 
     </span>
     <span class='ocr_line' id='line_1_28' title="bbox 95 1521 608 1565; baseline -0.004 -6"><span class='ocrx_word' id='word_1_164' title='bbox 95 1536 129 1560; x_wconf 80' lang='lat' dir='ltr'><strong><em>v.</em></strong></span> <span class='ocrx_word' id='word_1_165' title='bbox 157 1521 206 1565; x_wconf 88' lang='grc' dir='ltr'><strong><em>α’,</em></strong></span> <span class='ocrx_word' id='word_1_166' title='bbox 228 1524 310 1564; x_wconf 74' lang='lat'><strong><em>312,</em></strong></span> <span class='ocrx_word' id='word_1_167' title='bbox 335 1523 375 1557; x_wconf 92' lang='lat' dir='ltr'><strong><em>ll.</em></strong></span> <span class='ocrx_word' id='word_1_168' title='bbox 400 1521 442 1565; x_wconf 76' lang='grc' dir='ltr'><strong><em>ζ’,</em></strong></span> <span class='ocrx_word' id='word_1_169' title='bbox 469 1523 515 1558; x_wconf 91' lang='grc'><strong>47</strong></span> <span class='ocrx_word' id='word_1_170' title='bbox 540 1529 608 1559; x_wconf 90' lang='lat' dir='ltr'>etc.</span> 
     </span>
    </p>
   </div>
   <div class='ocr_carea' id='block_1_6' title="bbox 97 1588 903 1684">
    <p class='ocr_par' dir='ltr' id='par_1_8' title="bbox 97 1588 903 1684">
     <span class='ocr_line' id='line_1_29' title="bbox 146 1588 903 1636; baseline -0.001 -8"><span class='ocrx_word' id='word_1_171' title='bbox 146 1595 201 1628; x_wconf 91' lang='grc'><strong><em>10.</em></strong></span> <span class='ocrx_word' id='word_1_172' title='bbox 247 1591 289 1625; x_wconf 94' lang='lat' dir='ltr'><strong><em>Il.</em></strong></span> <span class='ocrx_word' id='word_1_173' title='bbox 315 1588 355 1633; x_wconf 84' lang='grc' dir='ltr'><strong><em>ζ’,</em></strong></span> <span class='ocrx_word' id='word_1_174' title='bbox 391 1591 448 1634; x_wconf 85' lang='grc'><strong><em>48,</em></strong></span> <span class='ocrx_word' id='word_1_175' title='bbox 472 1589 516 1636; x_wconf 81' lang='grc' dir='ltr'><strong><em>κ’,</em></strong></span> <span class='ocrx_word' id='word_1_176' title='bbox 546 1592 628 1634; x_wconf 86' lang='grc'><strong><em>379,</em></strong></span> <span class='ocrx_word' id='word_1_177' title='bbox 660 1589 703 1634; x_wconf 79' lang='grc' dir='ltr'><strong><em>λ’,</em></strong></span> <span class='ocrx_word' id='word_1_178' title='bbox 728 1592 808 1629; x_wconf 83' lang='grc'><strong>133.</strong></span> <span class='ocrx_word' id='word_1_179' title='bbox 854 1591 903 1627; x_wconf 77' lang='lat' dir='ltr'><strong><em>cf·</em></strong></span> 
     </span>
     <span class='ocr_line' id='line_1_30' title="bbox 97 1637 402 1684; baseline -0.007 -10"><span class='ocrx_word' id='word_1_180' title='bbox 97 1639 227 1684; x_wconf 86' lang='lat' dir='ltr'>Odyss.</span> <span class='ocrx_word' id='word_1_181' title='bbox 253 1637 297 1680; x_wconf 78' lang='grc' dir='ltr'><strong><em>ξ’,</em></strong></span> <span class='ocrx_word' id='word_1_182' title='bbox 321 1639 402 1672; x_wconf 74' lang='grc'><strong>326.</strong></span> 
     </span>
    </p>
   </div>
   <div class='ocr_carea' id='block_1_7' title="bbox 96 1706 909 2997">
    <p class='ocr_par' dir='ltr' id='par_1_9' title="bbox 96 1706 909 2997">
     <span class='ocr_line' id='line_1_31' title="bbox 144 1706 904 1743; baseline -0.007 0"><span class='ocrx_word' id='word_1_183' title='bbox 144 1709 313 1743; x_wconf 87' lang='grc'><strong>11-.-16.</strong></span> <span class='ocrx_word' id='word_1_184' title='bbox 361 1706 450 1740; x_wconf 85' lang='lat' dir='ltr'>bene</span> <span class='ocrx_word' id='word_1_185' title='bbox 484 1707 526 1741; x_wconf 84' lang='grc' dir='ltr'><strong><em>Α.</em></strong></span> <span class='ocrx_word' id='word_1_186' title='bbox 552 1707 584 1741; x_wconf 73' lang='grc'><strong><em>2.</em></strong></span> <span class='ocrx_word' id='word_1_187' title='bbox 619 1709 654 1740; x_wconf 85' lang='lat' dir='ltr'><strong><em>et</em></strong></span> <span class='ocrx_word' id='word_1_188' title='bbox 685 1706 720 1741; x_wconf 98' lang='lat'><strong>3</strong></span> <span class='ocrx_word' id='word_1_189' title='bbox 751 1707 787 1739; x_wconf 86' lang='lat' dir='ltr'><strong><em>et</em></strong></span> <span class='ocrx_word' id='word_1_190' title='bbox 817 1716 904 1738; x_wconf 89' lang='lat' dir='ltr'>non-</span> 
     </span>
     <span class='ocr_line' id='line_1_32' title="bbox 97 1749 904 1799; baseline -0.005 -10"><span class='ocrx_word' id='word_1_191' title='bbox 97 1755 183 1790; x_wconf 90' lang='lat' dir='ltr'>nulli</span> <span class='ocrx_word' id='word_1_192' title='bbox 206 1753 298 1799; x_wconf 78' lang='lat' dir='ltr'>apud</span> <span class='ocrx_word' id='word_1_193' title='bbox 323 1752 376 1786; x_wconf 92' lang='lat' dir='ltr'><strong><em>Cl.</em></strong></span> <span class='ocrx_word' id='word_1_194' title='bbox 387 1777 399 1794; x_wconf 93' lang='lat'>,</span> <span class='ocrx_word' id='word_1_195' title='bbox 435 1752 518 1786; x_wconf 84' lang='lat' dir='ltr'>item</span> <span class='ocrx_word' id='word_1_196' title='bbox 541 1754 589 1786; x_wconf 88' lang='lat' dir='ltr'>W</span> <span class='ocrx_word' id='word_1_197' title='bbox 614 1757 650 1786; x_wconf 85' lang='lat' dir='ltr'><strong><em>et</em></strong></span> <span class='ocrx_word' id='word_1_198' title='bbox 673 1752 723 1785; x_wconf 86' lang='lat' dir='ltr'><strong><em>B:</em></strong></span> <span class='ocrx_word' id='word_1_199' title='bbox 757 1749 904 1793; x_wconf 79' lang='grc' dir='ltr'><strong><em>τόξον</em></strong></span> 
     </span>
     <span class='ocr_line' id='line_1_33' title="bbox 96 1795 905 1844; baseline -0.006 -7"><span class='ocrx_word' id='word_1_200' title='bbox 96 1804 256 1840; x_wconf 80' lang='grc' dir='ltr'><strong><em>κεῖτο,</em></strong></span> <span class='ocrx_word' id='word_1_201' title='bbox 288 1811 358 1844; x_wconf 88' lang='lat' dir='ltr'>quo</span> <span class='ocrx_word' id='word_1_202' title='bbox 382 1803 483 1843; x_wconf 78' lang='lat' dir='ltr'>pacto</span> <span class='ocrx_word' id='word_1_203' title='bbox 514 1810 584 1832; x_wconf 86' lang='lat' dir='ltr'><strong><em>vox</em></strong></span> <span class='ocrx_word' id='word_1_204' title='bbox 616 1797 820 1843; x_wconf 83' lang='lat' dir='ltr'>gravissima</span> <span class='ocrx_word' id='word_1_205' title='bbox 843 1795 905 1832; x_wconf 83' lang='grc' dir='ltr'><strong><em>τό·</em></strong></span> 
     </span>
     <span class='ocr_line' id='line_1_34' title="bbox 97 1843 904 1891; baseline -0.005 -9"><span class='ocrx_word' id='word_1_206' title='bbox 97 1848 162 1890; x_wconf 82' lang='grc' dir='ltr'><strong><em>ξον</em></strong></span> <span class='ocrx_word' id='word_1_207' title='bbox 186 1846 359 1891; x_wconf 74' lang='lat' dir='ltr'>regionem</span> <span class='ocrx_word' id='word_1_208' title='bbox 382 1844 474 1878; x_wconf 84' lang='lat' dir='ltr'>illam</span> <span class='ocrx_word' id='word_1_209' title='bbox 497 1856 621 1879; x_wconf 86' lang='lat' dir='ltr'>versus</span> <span class='ocrx_word' id='word_1_210' title='bbox 643 1848 751 1879; x_wconf 79' lang='lat' dir='ltr'>totam</span> <span class='ocrx_word' id='word_1_211' title='bbox 774 1843 904 1888; x_wconf 82' lang='lat' dir='ltr'><strong>explet,</strong></span> 
     </span>
     <span class='ocr_line' id='line_1_35' title="bbox 97 1889 906 1940; baseline -0.006 -13"><span class='ocrx_word' id='word_1_212' title='bbox 97 1905 172 1928; x_wconf 90' lang='lat' dir='ltr'>cum</span> <span class='ocrx_word' id='word_1_213' title='bbox 200 1893 236 1929; x_wconf 89' lang='lat' dir='ltr'>in</span> <span class='ocrx_word' id='word_1_214' title='bbox 250 1890 412 1940; x_wconf 75' lang='lat' dir='ltr'>vulgatis</span> <span class='ocrx_word' id='word_1_215' title='bbox 439 1891 556 1932; x_wconf 85' lang='lat' dir='ltr'>libris,</span> <span class='ocrx_word' id='word_1_216' title='bbox 588 1891 625 1924; x_wconf 88' lang='lat' dir='ltr'>in</span> <span class='ocrx_word' id='word_1_217' title='bbox 658 1889 784 1934; x_wconf 87' lang='lat' dir='ltr'>quibus</span> <span class='ocrx_word' id='word_1_218' title='bbox 818 1890 906 1934; x_wconf 82' lang='lat' dir='ltr'>legi-</span> 
     </span>
     <span class='ocr_line' id='line_1_36' title="bbox 96 1925 906 1981; baseline -0.004 -8"><span class='ocrx_word' id='word_1_219' title='bbox 96 1945 154 1973; x_wconf 86' lang='lat' dir='ltr'><strong><em>tur</em></strong></span> <span class='ocrx_word' id='word_1_220' title='bbox 183 1925 292 1981; x_wconf 80' lang='grc' dir='ltr'><strong><em>τόξον</em></strong></span> <span class='ocrx_word' id='word_1_221' title='bbox 329 1936 463 1978; x_wconf 86' lang='grc' dir='ltr'><strong><em>ε’κειτο,</em></strong></span> <span class='ocrx_word' id='word_1_222' title='bbox 501 1936 601 1971; x_wconf 85' lang='lat' dir='ltr'>metri</span> <span class='ocrx_word' id='word_1_223' title='bbox 640 1937 735 1971; x_wconf 80' lang='lat' dir='ltr'>velut</span> <span class='ocrx_word' id='word_1_224' title='bbox 766 1936 906 1970; x_wconf 87' lang='lat' dir='ltr'>flumine</span> 
     </span>
     <span class='ocr_line' id='line_1_37' title="bbox 98 1981 905 2031; baseline -0.005 -11"><span class='ocrx_word' id='word_1_225' title='bbox 98 1985 292 2031; x_wconf 81' lang='lat' dir='ltr'>abripiatur</span> <span class='ocrx_word' id='word_1_226' title='bbox 317 1989 422 2027; x_wconf 78' lang='lat' dir='ltr'>atque</span> <span class='ocrx_word' id='word_1_227' title='bbox 445 1983 647 2019; x_wconf 82' lang='lat' dir='ltr'>occultetur</span> <span class='ocrx_word' id='word_1_228' title='bbox 687 1982 738 2015; x_wconf 85' lang='lat' dir='ltr'>sic</span> <span class='ocrx_word' id='word_1_229' title='bbox 760 1981 905 2016; x_wconf 80' lang='lat' dir='ltr'>inferius</span> 
     </span>
     <span class='ocr_line' id='line_1_38' title="bbox 99 2027 900 2087; baseline -0.007 -20"><span class='ocrx_word' id='word_1_230' title='bbox 99 2034 177 2067; x_wconf 81' lang='lat'>188.</span> <span class='ocrx_word' id='word_1_231' title='bbox 205 2034 310 2087; x_wconf 81' lang='lat' dir='ltr'>poeta</span> <span class='ocrx_word' id='word_1_232' title='bbox 334 2029 423 2067; x_wconf 78' lang='lat' dir='ltr'>dixit</span> <span class='ocrx_word' id='word_1_233' title='bbox 447 2028 484 2063; x_wconf 76' lang='grc' dir='ltr'><strong><em>οὶ</em></strong></span> <span class='ocrx_word' id='word_1_234' title='bbox 509 2027 547 2064; x_wconf 77' lang='grc' dir='ltr'><strong><em>δ’</em></strong></span> <span class='ocrx_word' id='word_1_235' title='bbox 576 2027 613 2070; x_wconf 78' lang='grc' dir='ltr'><strong><em>εξ</em></strong></span> <span class='ocrx_word' id='word_1_236' title='bbox 638 2028 744 2063; x_wconf 85' lang='grc' dir='ltr'><strong><em>οικου</em></strong></span> <span class='ocrx_word' id='word_1_237' title='bbox 761 2027 900 2084; x_wconf 86' lang='grc' dir='ltr'><strong><em>βῆσαν,</em></strong></span> 
     </span>
     <span class='ocr_line' id='line_1_39' title="bbox 103 2073 906 2122; baseline -0.005 -10"><span class='ocrx_word' id='word_1_238' title='bbox 103 2083 140 2112; x_wconf 86' lang='lat' dir='ltr'><strong><em>et</em></strong></span> <span class='ocrx_word' id='word_1_239' title='bbox 160 2078 200 2114; x_wconf 81' lang='grc'><strong><em>11.</em></strong></span> <span class='ocrx_word' id='word_1_240' title='bbox 224 2090 269 2122; x_wconf 78' lang='grc' dir='ltr'><strong><em>χ,</em></strong></span> <span class='ocrx_word' id='word_1_241' title='bbox 298 2077 375 2110; x_wconf 88' lang='grc'><strong>158.</strong></span> <span class='ocrx_word' id='word_1_242' title='bbox 399 2073 544 2117; x_wconf 82' lang='grc' dir='ltr'><strong><em>πρόσθε</em></strong></span> <span class='ocrx_word' id='word_1_243' title='bbox 568 2087 635 2118; x_wconf 88' lang='grc' dir='ltr'><strong><em>μεν</em></strong></span> <span class='ocrx_word' id='word_1_244' title='bbox 658 2073 791 2116; x_wconf 79' lang='grc' dir='ltr'><strong><em>ἐσθλὸς</em></strong></span> <span class='ocrx_word' id='word_1_245' title='bbox 813 2075 906 2119; x_wconf 84' lang='grc' dir='ltr'><strong><em>φεῦ-</em></strong></span> 
     </span>
     <span class='ocr_line' id='line_1_40' title="bbox 100 2120 906 2168; baseline -0.005 -10"><span class='ocrx_word' id='word_1_246' title='bbox 100 2135 160 2168; x_wconf 84' lang='grc' dir='ltr'><strong><em>γε,</em></strong></span> <span class='ocrx_word' id='word_1_247' title='bbox 194 2123 286 2168; x_wconf 87' lang='lat' dir='ltr'>quod</span> <span class='ocrx_word' id='word_1_248' title='bbox 311 2121 416 2155; x_wconf 85' lang='lat' dir='ltr'>habet</span> <span class='ocrx_word' id='word_1_249' title='bbox 440 2121 641 2156; x_wconf 85' lang='lat' dir='ltr'>Parisiensis</span> <span class='ocrx_word' id='word_1_250' title='bbox 672 2120 802 2163; x_wconf 73' lang='lat' dir='ltr'>codeX‚</span> <span class='ocrx_word' id='word_1_251' title='bbox 837 2131 906 2154; x_wconf 87' lang='lat' dir='ltr'><strong><em>non</em></strong></span> 
     </span>
     <span class='ocr_line' id='line_1_41' title="bbox 100 2166 904 2220; baseline -0.006 -16"><span class='ocrx_word' id='word_1_252' title='bbox 100 2169 250 2214; x_wconf 81' lang='grc' dir='ltr'><strong><em>ε’φευγε,</em></strong></span> <span class='ocrx_word' id='word_1_253' title='bbox 282 2173 321 2202; x_wconf 81' lang='lat' dir='ltr'>ut</span> <span class='ocrx_word' id='word_1_254' title='bbox 351 2167 477 2211; x_wconf 76' lang='lat' dir='ltr'>vulg03</span> <span class='ocrx_word' id='word_1_255' title='bbox 511 2167 706 2220; x_wconf 79' lang='lat' dir='ltr'>passimque</span> <span class='ocrx_word' id='word_1_256' title='bbox 730 2167 795 2200; x_wconf 87' lang='lat' dir='ltr'><strong><em>hoc</em></strong></span> <span class='ocrx_word' id='word_1_257' title='bbox 819 2166 904 2200; x_wconf 83' lang='lat' dir='ltr'>arti-</span> 
     </span>
     <span class='ocr_line' id='line_1_42' title="bbox 97 2195 906 2268; baseline -0.007 -18"><span class='ocrx_word' id='word_1_258' title='bbox 97 2217 176 2250; x_wconf 85' lang='lat' dir='ltr'>ficio</span> <span class='ocrx_word' id='word_1_259' title='bbox 205 2195 337 2268; x_wconf 79' lang='lat' dir='ltr'><em>p6ndus</em></span> <span class='ocrx_word' id='word_1_260' title='bbox 361 2213 457 2247; x_wconf 81' lang='lat' dir='ltr'>addit</span> <span class='ocrx_word' id='word_1_261' title='bbox 480 2213 622 2247; x_wconf 89' lang='lat' dir='ltr'>vocibus</span> <span class='ocrx_word' id='word_1_262' title='bbox 646 2212 731 2253; x_wconf 83' lang='lat' dir='ltr'>illis,</span> <span class='ocrx_word' id='word_1_263' title='bbox 768 2213 804 2246; x_wconf 88' lang='lat' dir='ltr'>in</span> <span class='ocrx_word' id='word_1_264' title='bbox 829 2211 906 2256; x_wconf 50' lang='lat' dir='ltr'>qui*</span> 
     </span>
     <span class='ocr_line' id='line_1_43' title="bbox 97 2259 906 2307; baseline -0.007 -11"><span class='ocrx_word' id='word_1_265' title='bbox 97 2264 161 2296; x_wconf 86' lang='lat' dir='ltr'>bus</span> <span class='ocrx_word' id='word_1_266' title='bbox 187 2260 377 2307; x_wconf 84' lang='lat' dir='ltr'>praecipua</span> <span class='ocrx_word' id='word_1_267' title='bbox 401 2259 566 2303; x_wconf 80' lang='lat' dir='ltr'>quaedam</span> <span class='ocrx_word' id='word_1_268' title='bbox 584 2259 636 2291; x_wconf 78' lang='lat' dir='ltr'>vis</span> <span class='ocrx_word' id='word_1_269' title='bbox 657 2259 726 2292; x_wconf 84' lang='lat' dir='ltr'>sita</span> <span class='ocrx_word' id='word_1_270' title='bbox 750 2264 804 2293; x_wconf 88' lang='lat' dir='ltr'><strong><em>est</em></strong></span> <span class='ocrx_word' id='word_1_271' title='bbox 826 2269 906 2291; x_wconf 88' lang='lat' dir='ltr'>sen-</span> 
     </span>
     <span class='ocr_line' id='line_1_44' title="bbox 100 2303 906 2343; baseline -0.008 -1"><span class='ocrx_word' id='word_1_272' title='bbox 100 2308 237 2343; x_wconf 78' lang='lat' dir='ltr'>tentiae.</span> <span class='ocrx_word' id='word_1_273' title='bbox 282 2311 435 2339; x_wconf 86' lang='lat' dir='ltr'>ceterum</span> <span class='ocrx_word' id='word_1_274' title='bbox 468 2305 513 2339; x_wconf 85' lang='lat' dir='ltr'><strong><em>cf.</em></strong></span> <span class='ocrx_word' id='word_1_275' title='bbox 546 2304 689 2339; x_wconf 81' lang='lat' dir='ltr'>inferius</span> <span class='ocrx_word' id='word_1_276' title='bbox 721 2306 779 2341; x_wconf 85' lang='lat'><strong><em>59.</em></strong></span> <span class='ocrx_word' id='word_1_277' title='bbox 804 2309 842 2338; x_wconf 88' lang='lat' dir='ltr'><strong><em>et</em></strong></span> <span class='ocrx_word' id='word_1_278' title='bbox 864 2303 906 2337; x_wconf 91' lang='lat' dir='ltr'><strong><em>Il.</em></strong></span> 
     </span>
     <span class='ocr_line' id='line_1_45' title="bbox 99 2351 905 2410; baseline -0.006 -21"><span class='ocrx_word' id='word_1_279' title='bbox 99 2352 145 2395; x_wconf 82' lang='grc' dir='ltr'><strong><em>ο’,</em></strong></span> <span class='ocrx_word' id='word_1_280' title='bbox 177 2354 258 2393; x_wconf 85' lang='grc'><strong>443.</strong></span> <span class='ocrx_word' id='word_1_281' title='bbox 290 2369 336 2376; x_wconf 93' lang='lat'><strong><em>——</em></strong></span> <span class='ocrx_word' id='word_1_282' title='bbox 374 2353 448 2385; x_wconf 85' lang='lat' dir='ltr'><strong><em>Am.</em></strong></span> <span class='ocrx_word' id='word_1_283' title='bbox 473 2353 513 2386; x_wconf 77' lang='lat'><strong><em>2:</em></strong></span> <span class='ocrx_word' id='word_1_284' title='bbox 552 2351 905 2410; x_wconf 81' lang='grc' dir='ltr'><strong><em>Λακεδαίμονι.</em></strong></span> 
     </span>
     <span class='ocr_line' id='line_1_46' title="bbox 98 2395 907 2454; baseline -0.005 -19"><span class='ocrx_word' id='word_1_285' title='bbox 98 2401 168 2435; x_wconf 82' lang='grc' dir='ltr'><strong><em>νῦν</em></strong></span> <span class='ocrx_word' id='word_1_286' title='bbox 192 2398 251 2435; x_wconf 78' lang='grc' dir='ltr'><strong><em>ἐπὶ</em></strong></span> <span class='ocrx_word' id='word_1_287' title='bbox 273 2398 320 2454; x_wconf 77' lang='grc' dir='ltr'><strong><em>τῇ</em></strong></span> <span class='ocrx_word' id='word_1_288' title='bbox 338 2398 539 2454; x_wconf 84' lang='grc' dir='ltr'><strong><em>Λακωνικῇ</em></strong></span> <span class='ocrx_word' id='word_1_289' title='bbox 571 2395 691 2453; x_wconf 78' lang='grc' dir='ltr'><strong><em>χώρᾳ,</em></strong></span> <span class='ocrx_word' id='word_1_290' title='bbox 722 2395 766 2441; x_wconf 86' lang='grc' dir='ltr'><strong><em>ἧς</em></strong></span> <span class='ocrx_word' id='word_1_291' title='bbox 797 2395 907 2440; x_wconf 82' lang='grc' dir='ltr'><strong><em>μέρος</em></strong></span> 
     </span>
     <span class='ocr_line' id='line_1_47' title="bbox 98 2441 908 2501; baseline -0.004 -21"><span class='ocrx_word' id='word_1_292' title='bbox 98 2445 192 2481; x_wconf 73' lang='grc' dir='ltr'><strong><em>κατὰ</em></strong></span> <span class='ocrx_word' id='word_1_293' title='bbox 217 2443 305 2484; x_wconf 79' lang='grc' dir='ltr'><strong><em>τούς</em></strong></span> <span class='ocrx_word' id='word_1_294' title='bbox 328 2441 512 2487; x_wconf 67' lang='grc' dir='ltr'><strong><em>ἡρωϊκοῦς</em></strong></span> <span class='ocrx_word' id='word_1_295' title='bbox 534 2443 693 2501; x_wconf 83' lang='grc' dir='ltr'><strong><em>χρόνους</em></strong></span> <span class='ocrx_word' id='word_1_296' title='bbox 716 2442 739 2486; x_wconf 86' lang='grc' dir='ltr'><em>ἡ</em></span> <span class='ocrx_word' id='word_1_297' title='bbox 758 2441 908 2486; x_wconf 80' lang='grc' dir='ltr'><strong><em>Μεσσή-</em></strong></span> 
     </span>
     <span class='ocr_line' id='line_1_48' title="bbox 97 2488 908 2547; baseline -0.005 -20"><span class='ocrx_word' id='word_1_298' title='bbox 97 2506 156 2536; x_wconf 82' lang='grc' dir='ltr'><strong><em>νη.</em></strong></span> <span class='ocrx_word' id='word_1_299' title='bbox 203 2492 430 2536; x_wconf 69' lang='grc' dir='ltr'><strong><em>δικασθῆναι</em></strong></span> <span class='ocrx_word' id='word_1_300' title='bbox 460 2489 500 2524; x_wconf 81' lang='grc' dir='ltr'><strong><em>δέ</em></strong></span> <span class='ocrx_word' id='word_1_301' title='bbox 531 2503 625 2532; x_wconf 86' lang='grc' dir='ltr'><strong><em>φασι</em></strong></span> <span class='ocrx_word' id='word_1_302' title='bbox 648 2488 731 2547; x_wconf 63' lang='lat' dir='ltr'><strong><em>·t·r)⁶11e</em></strong></span> <span class='ocrx_word' id='word_1_303' title='bbox 739 2494 908 2525; x_wconf 85' lang='grc' dir='ltr'><strong><em>Λακωνι-</em></strong></span> 
     </span>
     <span class='ocr_line' id='line_1_49' title="bbox 98 2533 907 2597; baseline -0.004 -24"><span class='ocrx_word' id='word_1_304' title='bbox 98 2537 167 2582; x_wconf 81' lang='grc' dir='ltr'><strong><em>κὴν</em></strong></span> <span class='ocrx_word' id='word_1_305' title='bbox 194 2538 270 2597; x_wconf 84' lang='grc' dir='ltr'><strong><em>τῆς</em></strong></span> <span class='ocrx_word' id='word_1_306' title='bbox 283 2536 496 2595; x_wconf 87' lang='grc' dir='ltr'><strong><em>Μεσσηνίας</em></strong></span> <span class='ocrx_word' id='word_1_307' title='bbox 528 2536 588 2572; x_wconf 81' lang='grc' dir='ltr'><strong><em>ἐπὶ</em></strong></span> <span class='ocrx_word' id='word_1_308' title='bbox 619 2537 695 2571; x_wconf 80' lang='grc' dir='ltr'><strong><em>τῶν</em></strong></span> <span class='ocrx_word' id='word_1_309' title='bbox 722 2533 907 2594; x_wconf 79' lang='grc' dir='ltr'><strong><em>Ηρακλει-</em></strong></span> 
     </span>
     <span class='ocr_line' id='line_1_50' title="bbox 99 2580 906 2627; baseline -0.005 -8"><span class='ocrx_word' id='word_1_310' title='bbox 99 2585 199 2626; x_wconf 73' lang='grc' dir='ltr'><strong><em>δῶν,</em></strong></span> <span class='ocrx_word' id='word_1_311' title='bbox 232 2582 270 2624; x_wconf 81' lang='grc' dir='ltr'><strong><em>οἳ</em></strong></span> <span class='ocrx_word' id='word_1_312' title='bbox 301 2581 392 2627; x_wconf 73' lang='grc' dir='ltr'><strong><em>μετὰ</em></strong></span> <span class='ocrx_word' id='word_1_313' title='bbox 424 2582 494 2627; x_wconf 87' lang='grc' dir='ltr'><strong><em>τὴν</em></strong></span> <span class='ocrx_word' id='word_1_314' title='bbox 528 2583 597 2617; x_wconf 85' lang='grc' dir='ltr'><strong><em>τοῦ</em></strong></span> <span class='ocrx_word' id='word_1_315' title='bbox 628 2580 736 2618; x_wconf 83' lang='grc' dir='ltr'><strong><em>Ἰλίου</em></strong></span> <span class='ocrx_word' id='word_1_316' title='bbox 770 2582 906 2617; x_wconf 80' lang='grc' dir='ltr'><strong><em>ἅλωσιν</em></strong></span> 
     </span>
     <span class='ocr_line' id='line_1_51' title="bbox 98 2628 908 2674; baseline -0.004 -8"><span class='ocrx_word' id='word_1_317' title='bbox 98 2630 272 2674; x_wconf 80' lang='grc' dir='ltr'><strong><em>κατέσχον</em></strong></span> <span class='ocrx_word' id='word_1_318' title='bbox 305 2629 373 2674; x_wconf 83' lang='grc' dir='ltr'><strong><em>τὴν</em></strong></span> <span class='ocrx_word' id='word_1_319' title='bbox 408 2628 703 2673; x_wconf 85' lang='grc' dir='ltr'><strong><em>Πελοπόννησον.</em></strong></span> <span class='ocrx_word' id='word_1_320' title='bbox 751 2629 908 2663; x_wconf 81' lang='lat' dir='ltr'>similiter</span> 
     </span>
     <span class='ocr_line' id='line_1_52' title="bbox 99 2674 909 2714; baseline -0.002 -4"><span class='ocrx_word' id='word_1_321' title='bbox 99 2678 180 2714; x_wconf 72' lang='lat' dir='ltr'>Sch.</span> <span class='ocrx_word' id='word_1_322' title='bbox 207 2683 242 2710; x_wconf 89' lang='lat' dir='ltr'><strong><em>et</em></strong></span> <span class='ocrx_word' id='word_1_323' title='bbox 271 2676 317 2710; x_wconf 86' lang='lat' dir='ltr'><strong><em>E.</em></strong></span> <span class='ocrx_word' id='word_1_324' title='bbox 340 2687 460 2710; x_wconf 89' lang='lat' dir='ltr'>nomen</span> <span class='ocrx_word' id='word_1_325' title='bbox 492 2674 758 2710; x_wconf 85' lang='lat' dir='ltr'>Lacedaemonis</span> <span class='ocrx_word' id='word_1_326' title='bbox 791 2680 828 2709; x_wconf 84' lang='lat' dir='ltr'><strong><em>et</em></strong></span> <span class='ocrx_word' id='word_1_327' title='bbox 852 2686 909 2708; x_wconf 84' lang='lat' dir='ltr'><strong><em>re-</em></strong></span> 
     </span>
     <span class='ocr_line' id='line_1_53' title="bbox 99 2721 907 2767; baseline -0.002 -11"><span class='ocrx_word' id='word_1_328' title='bbox 99 2724 233 2767; x_wconf 82' lang='lat' dir='ltr'>gionem</span> <span class='ocrx_word' id='word_1_329' title='bbox 270 2727 306 2757; x_wconf 84' lang='lat' dir='ltr'><strong><em>et</em></strong></span> <span class='ocrx_word' id='word_1_330' title='bbox 346 2722 465 2756; x_wconf 87' lang='lat' dir='ltr'>urbem</span> <span class='ocrx_word' id='word_1_331' title='bbox 504 2721 702 2766; x_wconf 75' lang='lat' dir='ltr'>significare</span> <span class='ocrx_word' id='word_1_332' title='bbox 733 2721 799 2756; x_wconf 85' lang='lat' dir='ltr'><strong><em>hoc</em></strong></span> <span class='ocrx_word' id='word_1_333' title='bbox 830 2721 907 2755; x_wconf 90' lang='lat' dir='ltr'>loco</span> 
     </span>
     <span class='ocr_line' id='line_1_54' title="bbox 99 2764 907 2814; baseline -0.003 -12"><span class='ocrx_word' id='word_1_334' title='bbox 99 2770 228 2814; x_wconf 85' lang='lat' dir='ltr'>probat</span> <span class='ocrx_word' id='word_1_335' title='bbox 250 2768 482 2814; x_wconf 83' lang='lat' dir='ltr'>Geographus</span> <span class='ocrx_word' id='word_1_336' title='bbox 517 2770 551 2803; x_wconf 91' lang='grc'><strong><em>8.</em></strong></span> <span class='ocrx_word' id='word_1_337' title='bbox 599 2779 633 2801; x_wconf 81' lang='lat' dir='ltr'><strong><em>v.</em></strong></span> <span class='ocrx_word' id='word_1_338' title='bbox 669 2778 746 2804; x_wconf 81' lang='lat' dir='ltr'>ann.</span> <span class='ocrx_word' id='word_1_339' title='bbox 783 2766 827 2801; x_wconf 88' lang='lat' dir='ltr'><strong><em>ad</em></strong></span> <span class='ocrx_word' id='word_1_340' title='bbox 862 2764 907 2807; x_wconf 81' lang='grc' dir='ltr'><strong><em>δ’,</em></strong></span> 
     </span>
     <span class='ocr_line' id='line_1_55' title="bbox 102 2813 908 2857; baseline -0.006 -7"><span class='ocrx_word' id='word_1_341' title='bbox 102 2818 133 2850; x_wconf 93' lang='grc'><strong><em>1.</em></strong></span> <span class='ocrx_word' id='word_1_342' title='bbox 169 2821 205 2848; x_wconf 86' lang='lat' dir='ltr'><strong><em>et</em></strong></span> <span class='ocrx_word' id='word_1_343' title='bbox 235 2815 281 2848; x_wconf 79' lang='lat' dir='ltr'><strong><em>cf.</em></strong></span> <span class='ocrx_word' id='word_1_344' title='bbox 308 2815 363 2849; x_wconf 91' lang='grc'><strong>15.</strong></span> <span class='ocrx_word' id='word_1_345' title='bbox 411 2813 559 2856; x_wconf 85' lang='lat' dir='ltr'>‚‚Parmi</span> <span class='ocrx_word' id='word_1_346' title='bbox 592 2813 642 2848; x_wconf 87' lang='lat' dir='ltr'><strong><em>les</em></strong></span> <span class='ocrx_word' id='word_1_347' title='bbox 674 2813 807 2846; x_wconf 81' lang='lat' dir='ltr'>raisons</span> <span class='ocrx_word' id='word_1_348' title='bbox 841 2824 908 2857; x_wconf 86' lang='lat' dir='ltr'>que</span> 
     </span>
     <span class='ocr_line' id='line_1_56' title="bbox 100 2857 908 2903; baseline -0.001 -9"><span class='ocrx_word' id='word_1_349' title='bbox 100 2860 212 2894; x_wconf 77' lang='lat' dir='ltr'>donne</span> <span class='ocrx_word' id='word_1_350' title='bbox 235 2859 370 2903; x_wconf 81' lang='lat' dir='ltr'>Kuight</span> <span class='ocrx_word' id='word_1_351' title='bbox 408 2860 565 2903; x_wconf 75' lang='lat' dir='ltr'>(Proleg.</span> <span class='ocrx_word' id='word_1_352' title='bbox 590 2859 626 2892; x_wconf 89' lang='lat' dir='ltr'>in</span> <span class='ocrx_word' id='word_1_353' title='bbox 648 2859 748 2892; x_wconf 90' lang='lat' dir='ltr'>Hom.</span> <span class='ocrx_word' id='word_1_354' title='bbox 774 2860 807 2900; x_wconf 64' lang='grc' dir='ltr'><strong><em>ἓ.</em></strong></span> <span class='ocrx_word' id='word_1_355' title='bbox 830 2857 908 2902; x_wconf 84' lang='grc'><strong>43.)</strong></span> 
     </span>
     <span class='ocr_line' id='line_1_57' title="bbox 102 2905 908 2951; baseline -0.001 -13"><span class='ocrx_word' id='word_1_356' title='bbox 102 2917 188 2951; x_wconf 85' lang='lat' dir='ltr'>pour</span> <span class='ocrx_word' id='word_1_357' title='bbox 213 2916 362 2950; x_wconf 84' lang='lat' dir='ltr'>prouver</span> <span class='ocrx_word' id='word_1_358' title='bbox 402 2917 470 2948; x_wconf 80' lang='lat' dir='ltr'>que</span> <span class='ocrx_word' id='word_1_359' title='bbox 507 2905 638 2940; x_wconf 82' lang='lat' dir='ltr'>l’lliade</span> <span class='ocrx_word' id='word_1_360' title='bbox 671 2910 725 2938; x_wconf 85' lang='lat' dir='ltr'><strong><em>est</em></strong></span> <span class='ocrx_word' id='word_1_361' title='bbox 748 2905 822 2949; x_wconf 81' lang='lat' dir='ltr'>plus</span> <span class='ocrx_word' id='word_1_362' title='bbox 847 2915 908 2937; x_wconf 80' lang='lat' dir='ltr'><strong><em>an-</em></strong></span> 
     </span>
     <span class='ocr_line' id='line_1_58' title="bbox 107 2949 908 2997; baseline 0 -11"><span class='ocrx_word' id='word_1_363' title='bbox 107 2952 227 2986; x_wconf 79' lang='lat' dir='ltr'>cienne</span> <span class='ocrx_word' id='word_1_364' title='bbox 257 2962 324 2997; x_wconf 84' lang='lat' dir='ltr'>que</span> <span class='ocrx_word' id='word_1_365' title='bbox 356 2950 562 2997; x_wconf 60' lang='lat' dir='ltr'>l&#39;OdysmSe,</span> <span class='ocrx_word' id='word_1_366' title='bbox 606 2952 690 2985; x_wconf 78' lang='lat' dir='ltr'>‹x’est</span> <span class='ocrx_word' id='word_1_367' title='bbox 723 2962 791 2997; x_wconf 86' lang='lat' dir='ltr'>que</span> <span class='ocrx_word' id='word_1_368' title='bbox 822 2949 908 2986; x_wconf 79' lang='lat' dir='ltr'>dans</span> 
     </span>
    </p>
   </div>
   <div class='ocr_carea' id='block_1_8' title="bbox 947 736 1763 2638">
    <p class='ocr_par' dir='ltr' id='par_1_10' title="bbox 947 736 1761 2628">
     <span class='ocr_line' id='line_1_59' title="bbox 950 736 1757 781; baseline -0.002 -10"><span class='ocrx_word' id='word_1_369' title='bbox 950 736 1082 777; x_wconf 82' lang='lat' dir='ltr'>l&#39;Iliade</span> <span class='ocrx_word' id='word_1_370' title='bbox 1105 736 1130 771; x_wconf 91' lang='lat' dir='ltr'>il</span> <span class='ocrx_word' id='word_1_371' title='bbox 1152 736 1240 772; x_wconf 85' lang='lat' dir='ltr'>n&#39;est</span> <span class='ocrx_word' id='word_1_372' title='bbox 1259 736 1382 780; x_wconf 67' lang='lat' dir='ltr'>jamnis</span> <span class='ocrx_word' id='word_1_373' title='bbox 1416 736 1514 781; x_wconf 59' lang='lat' dir='ltr'>parles</span> <span class='ocrx_word' id='word_1_374' title='bbox 1537 736 1580 770; x_wconf 86' lang='lat' dir='ltr'><strong><em>de</em></strong></span> <span class='ocrx_word' id='word_1_375' title='bbox 1603 737 1637 770; x_wconf 84' lang='lat' dir='ltr'><strong><em>la</em></strong></span> <span class='ocrx_word' id='word_1_376' title='bbox 1663 736 1757 770; x_wconf 80' lang='lat' dir='ltr'>Mes-</span> 
     </span>
     <span class='ocr_line' id='line_1_60' title="bbox 951 782 1758 828; baseline -0.001 -12"><span class='ocrx_word' id='word_1_377' title='bbox 951 785 1044 818; x_wconf 78' lang='grc' dir='ltr'><strong><em>εέηίο</em></strong></span> <span class='ocrx_word' id='word_1_378' title='bbox 1068 783 1102 817; x_wconf 87' lang='lat' dir='ltr'>ni</span> <span class='ocrx_word' id='word_1_379' title='bbox 1127 783 1187 817; x_wconf 86' lang='lat' dir='ltr'><strong><em>des</em></strong></span> <span class='ocrx_word' id='word_1_380' title='bbox 1212 784 1440 825; x_wconf 78' lang='lat' dir='ltr'><strong><em>Messe&#39;niens,</em></strong></span> <span class='ocrx_word' id='word_1_381' title='bbox 1471 788 1507 816; x_wconf 88' lang='lat' dir='ltr'><strong><em>et</em></strong></span> <span class='ocrx_word' id='word_1_382' title='bbox 1531 782 1614 828; x_wconf 84' lang='lat' dir='ltr'>qu&#39;il</span> <span class='ocrx_word' id='word_1_383' title='bbox 1637 794 1678 816; x_wconf 89' lang='lat' dir='ltr'><strong><em>en</em></strong></span> <span class='ocrx_word' id='word_1_384' title='bbox 1703 787 1758 815; x_wconf 84' lang='lat' dir='ltr'><strong><em>est</em></strong></span> 
     </span>
     <span class='ocr_line' id='line_1_61' title="bbox 951 829 1758 874; baseline -0.005 -10"><span class='ocrx_word' id='word_1_385' title='bbox 951 829 997 865; x_wconf 85' lang='lat' dir='ltr'>ici</span> <span class='ocrx_word' id='word_1_386' title='bbox 1025 830 1181 874; x_wconf 76' lang='lat' dir='ltr'>question</span> <span class='ocrx_word' id='word_1_387' title='bbox 1207 841 1274 863; x_wconf 86' lang='lat' dir='ltr'>aux</span> <span class='ocrx_word' id='word_1_388' title='bbox 1298 839 1378 862; x_wconf 86' lang='lat' dir='ltr'>vers</span> <span class='ocrx_word' id='word_1_389' title='bbox 1415 829 1458 863; x_wconf 87' lang='lat'><strong><em>15</em></strong></span> <span class='ocrx_word' id='word_1_390' title='bbox 1495 834 1531 863; x_wconf 83' lang='lat' dir='ltr'><strong><em>et</em></strong></span> <span class='ocrx_word' id='word_1_391' title='bbox 1563 830 1616 863; x_wconf 83' lang='lat'><strong><em>18.</em></strong></span> <span class='ocrx_word' id='word_1_392' title='bbox 1665 829 1758 862; x_wconf 83' lang='lat' dir='ltr'>Pau-</span> 
     </span>
     <span class='ocr_line' id='line_1_62' title="bbox 951 873 1758 920; baseline -0.004 -11"><span class='ocrx_word' id='word_1_393' title='bbox 951 876 1065 909; x_wconf 79' lang='lat' dir='ltr'>sanias</span> <span class='ocrx_word' id='word_1_394' title='bbox 1090 876 1140 918; x_wconf 88' lang='lat'>(4,</span> <span class='ocrx_word' id='word_1_395' title='bbox 1167 880 1197 910; x_wconf 91' lang='lat'><strong><em>1.</em></strong></span> <span class='ocrx_word' id='word_1_396' title='bbox 1203 876 1217 920; x_wconf 93' lang='lat'><em>)</em></span> <span class='ocrx_word' id='word_1_397' title='bbox 1242 876 1390 908; x_wconf 85' lang='lat' dir='ltr'>observe</span> <span class='ocrx_word' id='word_1_398' title='bbox 1414 874 1505 908; x_wconf 87' lang='lat' dir='ltr'>aussi</span> <span class='ocrx_word' id='word_1_399' title='bbox 1526 885 1592 919; x_wconf 88' lang='lat' dir='ltr'>que</span> <span class='ocrx_word' id='word_1_400' title='bbox 1616 873 1700 906; x_wconf 88' lang='lat' dir='ltr'>dans</span> <span class='ocrx_word' id='word_1_401' title='bbox 1724 874 1758 906; x_wconf 86' lang='lat' dir='ltr'><strong><em>le</em></strong></span> 
     </span>
     <span class='ocr_line' id='line_1_63' title="bbox 952 919 1758 965; baseline -0.004 -10"><span class='ocrx_word' id='word_1_402' title='bbox 952 922 1135 965; x_wconf 76' lang='lat' dir='ltr'>catalogue</span> <span class='ocrx_word' id='word_1_403' title='bbox 1169 922 1229 956; x_wconf 86' lang='lat' dir='ltr'><strong><em>des</em></strong></span> <span class='ocrx_word' id='word_1_404' title='bbox 1264 921 1467 960; x_wconf 82' lang='lat' dir='ltr'>vaisseaux,</span> <span class='ocrx_word' id='word_1_405' title='bbox 1510 919 1534 953; x_wconf 84' lang='lat' dir='ltr'>il</span> <span class='ocrx_word' id='word_1_406' title='bbox 1577 920 1665 953; x_wconf 80' lang='lat' dir='ltr'>n&#39;est</span> <span class='ocrx_word' id='word_1_407' title='bbox 1695 930 1758 963; x_wconf 87' lang='lat' dir='ltr'><strong><em>pas</em></strong></span> 
     </span>
     <span class='ocr_line' id='line_1_64' title="bbox 951 964 1759 1012; baseline -0.002 -12"><span class='ocrx_word' id='word_1_408' title='bbox 951 968 1048 1012; x_wconf 79' lang='lat' dir='ltr'>parle</span> <span class='ocrx_word' id='word_1_409' title='bbox 1072 968 1115 1001; x_wconf 92' lang='lat' dir='ltr'><strong><em>de</em></strong></span> <span class='ocrx_word' id='word_1_410' title='bbox 1139 968 1172 1001; x_wconf 86' lang='lat' dir='ltr'><strong><em>la</em></strong></span> <span class='ocrx_word' id='word_1_411' title='bbox 1197 967 1275 1001; x_wconf 84' lang='lat' dir='ltr'>ville</span> <span class='ocrx_word' id='word_1_412' title='bbox 1310 966 1353 1000; x_wconf 90' lang='lat' dir='ltr'><strong><em>de</em></strong></span> <span class='ocrx_word' id='word_1_413' title='bbox 1388 967 1563 1007; x_wconf 58' lang='lat' dir='ltr'><strong><em>Messene,</em></strong></span> <span class='ocrx_word' id='word_1_414' title='bbox 1596 976 1720 1010; x_wconf 75' lang='lat' dir='ltr'>quoiqu</span> <span class='ocrx_word' id='word_1_415' title='bbox 1723 964 1759 998; x_wconf 90' lang='grc'><strong><em>11</em></strong></span> 
     </span>
     <span class='ocr_line' id='line_1_65' title="bbox 951 1011 1760 1056; baseline -0.004 -9"><span class='ocrx_word' id='word_1_416' title='bbox 951 1014 1019 1047; x_wconf 86' lang='lat' dir='ltr'>soit</span> <span class='ocrx_word' id='word_1_417' title='bbox 1042 1013 1109 1047; x_wconf 82' lang='lat' dir='ltr'>fait</span> <span class='ocrx_word' id='word_1_418' title='bbox 1132 1014 1280 1048; x_wconf 80' lang='lat' dir='ltr'>mention</span> <span class='ocrx_word' id='word_1_419' title='bbox 1311 1012 1354 1046; x_wconf 81' lang='lat' dir='ltr'><strong><em>de</em></strong></span> <span class='ocrx_word' id='word_1_420' title='bbox 1389 1012 1474 1046; x_wconf 87' lang='lat' dir='ltr'>celle</span> <span class='ocrx_word' id='word_1_421' title='bbox 1506 1012 1550 1046; x_wconf 90' lang='lat' dir='ltr'><strong><em>de</em></strong></span> <span class='ocrx_word' id='word_1_422' title='bbox 1579 1011 1622 1056; x_wconf 75' lang='grc' dir='ltr'><strong><em>Ρ)</em></strong></span> <span class='ocrx_word' id='word_1_423' title='bbox 1622 1012 1682 1045; x_wconf 88' lang='lat' dir='ltr'><strong><em>los</em></strong></span> <span class='ocrx_word' id='word_1_424' title='bbox 1723 1014 1760 1045; x_wconf 84' lang='lat' dir='ltr'><strong><em>et</em></strong></span> 
     </span>
     <span class='ocr_line' id='line_1_66' title="bbox 950 1057 1757 1101; baseline -0.002 -9"><span class='ocrx_word' id='word_1_425' title='bbox 950 1059 994 1093; x_wconf 84' lang='lat' dir='ltr'><strong><em>de</em></strong></span> <span class='ocrx_word' id='word_1_426' title='bbox 1019 1060 1104 1093; x_wconf 87' lang='lat' dir='ltr'>celle</span> <span class='ocrx_word' id='word_1_427' title='bbox 1138 1059 1310 1094; x_wconf 58' lang='lat' dir='ltr'><strong><em>d&#39;Arenef</em></strong></span> <span class='ocrx_word' id='word_1_428' title='bbox 1301 1061 1324 1078; x_wconf 92' lang='lat'>“</span> <span class='ocrx_word' id='word_1_429' title='bbox 1362 1059 1527 1092; x_wconf 80' lang='lat' dir='ltr'>Montbel.</span> <span class='ocrx_word' id='word_1_430' title='bbox 1564 1057 1757 1101; x_wconf 85' lang='lat' dir='ltr'>speciosum</span> 
     </span>
     <span class='ocr_line' id='line_1_67' title="bbox 951 1103 1759 1150; baseline -0.004 -12"><span class='ocrx_word' id='word_1_431' title='bbox 951 1105 1085 1150; x_wconf 85' lang='lat' dir='ltr'>quidem</span> <span class='ocrx_word' id='word_1_432' title='bbox 1117 1110 1370 1149; x_wconf 82' lang='lat' dir='ltr'>argumentum3</span> <span class='ocrx_word' id='word_1_433' title='bbox 1412 1104 1474 1138; x_wconf 89' lang='lat' dir='ltr'><strong><em>sed</em></strong></span> <span class='ocrx_word' id='word_1_434' title='bbox 1515 1103 1666 1137; x_wconf 87' lang='lat' dir='ltr'>dubitari</span> <span class='ocrx_word' id='word_1_435' title='bbox 1700 1103 1759 1136; x_wconf 85' lang='lat' dir='ltr'>vix</span> 
     </span>
     <span class='ocr_line' id='line_1_68' title="bbox 950 1149 1759 1195; baseline -0.004 -11"><span class='ocrx_word' id='word_1_436' title='bbox 950 1155 1085 1195; x_wconf 84' lang='lat' dir='ltr'>potest,</span> <span class='ocrx_word' id='word_1_437' title='bbox 1110 1152 1192 1195; x_wconf 87' lang='lat' dir='ltr'>quin</span> <span class='ocrx_word' id='word_1_438' title='bbox 1217 1156 1366 1185; x_wconf 81' lang='lat' dir='ltr'>mutatus</span> <span class='ocrx_word' id='word_1_439' title='bbox 1387 1150 1500 1184; x_wconf 84' lang='lat' dir='ltr'>multis</span> <span class='ocrx_word' id='word_1_440' title='bbox 1525 1151 1561 1183; x_wconf 86' lang='lat' dir='ltr'>in</span> <span class='ocrx_word' id='word_1_441' title='bbox 1581 1149 1667 1182; x_wconf 82' lang='lat' dir='ltr'>locis</span> <span class='ocrx_word' id='word_1_442' title='bbox 1684 1150 1759 1182; x_wconf 82' lang='lat' dir='ltr'>fua-</span> 
     </span>
     <span class='ocr_line' id='line_1_69' title="bbox 947 1194 1760 1252; baseline -0.004 -22"><span class='ocrx_word' id='word_1_443' title='bbox 947 1196 996 1230; x_wconf 87' lang='lat' dir='ltr'>rit</span> <span class='ocrx_word' id='word_1_444' title='bbox 1020 1197 1209 1252; x_wconf 80' lang='lat' dir='ltr'>Catalogus</span> <span class='ocrx_word' id='word_1_445' title='bbox 1233 1197 1380 1237; x_wconf 84' lang='lat' dir='ltr'>navium,</span> <span class='ocrx_word' id='word_1_446' title='bbox 1415 1204 1451 1230; x_wconf 85' lang='lat' dir='ltr'><strong><em>et</em></strong></span> <span class='ocrx_word' id='word_1_447' title='bbox 1481 1194 1760 1249; x_wconf 80' lang='lat' dir='ltr'>quemadmodum</span> 
     </span>
     <span class='ocr_line' id='line_1_70' title="bbox 949 1240 1759 1288; baseline 0 -14"><span class='ocrx_word' id='word_1_448' title='bbox 949 1253 1070 1275; x_wconf 77' lang='lat' dir='ltr'>versus</span> <span class='ocrx_word' id='word_1_449' title='bbox 1094 1243 1134 1275; x_wconf 88' lang='lat'><strong><em>11.</em></strong></span> <span class='ocrx_word' id='word_1_450' title='bbox 1159 1241 1204 1288; x_wconf 85' lang='grc' dir='ltr'><strong><em>β’,</em></strong></span> <span class='ocrx_word' id='word_1_451' title='bbox 1237 1244 1316 1278; x_wconf 89' lang='grc'><strong>558.</strong></span> <span class='ocrx_word' id='word_1_452' title='bbox 1351 1242 1464 1275; x_wconf 81' lang='lat' dir='ltr'>studio</span> <span class='ocrx_word' id='word_1_453' title='bbox 1502 1240 1759 1275; x_wconf 76' lang='lat' dir='ltr'>Atheniensium</span> 
     </span>
     <span class='ocr_line' id='line_1_71' title="bbox 951 1286 1760 1322; baseline -0.002 -1"><span class='ocrx_word' id='word_1_454' title='bbox 951 1287 1090 1321; x_wconf 82' lang='lat' dir='ltr'>additus</span> <span class='ocrx_word' id='word_1_455' title='bbox 1120 1299 1196 1322; x_wconf 86' lang='lat' dir='ltr'>esse</span> <span class='ocrx_word' id='word_1_456' title='bbox 1227 1288 1352 1322; x_wconf 85' lang='lat' dir='ltr'>dicitur</span> <span class='ocrx_word' id='word_1_457' title='bbox 1384 1299 1405 1321; x_wconf 86' lang='lat' dir='ltr'>a</span> <span class='ocrx_word' id='word_1_458' title='bbox 1438 1287 1566 1321; x_wconf 88' lang='lat' dir='ltr'>Solone</span> <span class='ocrx_word' id='word_1_459' title='bbox 1588 1287 1644 1319; x_wconf 76' lang='lat' dir='ltr'><strong><em>vel</em></strong></span> <span class='ocrx_word' id='word_1_460' title='bbox 1668 1286 1760 1320; x_wconf 87' lang='lat' dir='ltr'>Pisi-</span> 
     </span>
     <span class='ocr_line' id='line_1_72' title="bbox 950 1332 1759 1379; baseline -0.001 -12"><span class='ocrx_word' id='word_1_461' title='bbox 950 1336 1081 1374; x_wconf 79' lang='lat' dir='ltr'>strato,</span> <span class='ocrx_word' id='word_1_462' title='bbox 1105 1333 1155 1367; x_wconf 88' lang='lat' dir='ltr'>ita</span> <span class='ocrx_word' id='word_1_463' title='bbox 1179 1334 1255 1368; x_wconf 89' lang='lat' dir='ltr'>fieri</span> <span class='ocrx_word' id='word_1_464' title='bbox 1280 1333 1413 1379; x_wconf 81' lang='lat' dir='ltr'>potuit,</span> <span class='ocrx_word' id='word_1_465' title='bbox 1439 1338 1478 1366; x_wconf 82' lang='lat' dir='ltr'>ut</span> <span class='ocrx_word' id='word_1_466' title='bbox 1501 1333 1596 1366; x_wconf 89' lang='lat' dir='ltr'>locus</span> <span class='ocrx_word' id='word_1_467' title='bbox 1617 1332 1699 1373; x_wconf 80' lang='lat' dir='ltr'>ille,</span> <span class='ocrx_word' id='word_1_468' title='bbox 1722 1332 1759 1366; x_wconf 86' lang='lat' dir='ltr'>in</span> 
     </span>
     <span class='ocr_line' id='line_1_73' title="bbox 951 1356 1758 1423; baseline 0 -11"><span class='ocrx_word' id='word_1_469' title='bbox 951 1390 1020 1423; x_wconf 92' lang='lat' dir='ltr'>quo</span> <span class='ocrx_word' id='word_1_470' title='bbox 1065 1380 1191 1414; x_wconf 87' lang='lat' dir='ltr'>mentio</span> <span class='ocrx_word' id='word_1_471' title='bbox 1232 1380 1334 1413; x_wconf 85' lang='lat' dir='ltr'>fieret</span> <span class='ocrx_word' id='word_1_472' title='bbox 1371 1378 1640 1420; x_wconf 84' lang='lat' dir='ltr'>Messeniorum,</span> <span class='ocrx_word' id='word_1_473' title='bbox 1677 1356 1758 1412; x_wconf 61' lang='lat' dir='ltr'>«idio</span> 
     </span>
     <span class='ocr_line' id='line_1_74' title="bbox 951 1424 1760 1482; baseline 0 -24"><span class='ocrx_word' id='word_1_474' title='bbox 951 1436 1065 1458; x_wconf 88' lang='lat' dir='ltr'>eorum</span> <span class='ocrx_word' id='word_1_475' title='bbox 1102 1425 1325 1460; x_wconf 83' lang='lat' dir='ltr'>induceretur</span> <span class='ocrx_word' id='word_1_476' title='bbox 1358 1426 1401 1459; x_wconf 89' lang='lat' dir='ltr'><strong><em>ab</em></strong></span> <span class='ocrx_word' id='word_1_477' title='bbox 1427 1424 1553 1482; x_wconf 83' lang='lat' dir='ltr'>aliquo</span> <span class='ocrx_word' id='word_1_478' title='bbox 1588 1425 1760 1459; x_wconf 84' lang='grc' dir='ltr'><strong><em>διασκευ-</em></strong></span> 
     </span>
     <span class='ocr_line' id='line_1_75' title="bbox 951 1468 1760 1516; baseline 0.001 -11"><span class='ocrx_word' id='word_1_479' title='bbox 951 1471 1045 1516; x_wconf 88' lang='grc' dir='ltr'><strong><em>αστῇ</em></strong></span> <span class='ocrx_word' id='word_1_480' title='bbox 1067 1471 1215 1506; x_wconf 78' lang='lat' dir='ltr'>Lacone.</span> <span class='ocrx_word' id='word_1_481' title='bbox 1235 1491 1281 1496; x_wconf 90' lang='lat'><strong>—</strong></span> <span class='ocrx_word' id='word_1_482' title='bbox 1305 1471 1410 1505; x_wconf 91' lang='lat' dir='ltr'>Sch..</span> <span class='ocrx_word' id='word_1_483' title='bbox 1427 1468 1610 1514; x_wconf 84' lang='grc' dir='ltr'><strong><em>Ἴφιτος</em></strong></span> <span class='ocrx_word' id='word_1_484' title='bbox 1634 1468 1760 1512; x_wconf 77' lang='grc' dir='ltr'><strong><em>Εὐρύ-</em></strong></span> 
     </span>
     <span class='ocr_line' id='line_1_76' title="bbox 949 1514 1761 1561; baseline 0.001 -11"><span class='ocrx_word' id='word_1_485' title='bbox 949 1529 1017 1551; x_wconf 90' lang='grc' dir='ltr'><strong><em>του</em></strong></span> <span class='ocrx_word' id='word_1_486' title='bbox 1042 1514 1109 1560; x_wconf 78' lang='grc' dir='ltr'><strong><em>μὲν</em></strong></span> <span class='ocrx_word' id='word_1_487' title='bbox 1131 1521 1220 1558; x_wconf 86' lang='grc' dir='ltr'><strong><em>παῖς</em></strong></span> <span class='ocrx_word' id='word_1_488' title='bbox 1245 1517 1394 1561; x_wconf 57' lang='lat' dir='ltr'>(Euryti</span> <span class='ocrx_word' id='word_1_489' title='bbox 1416 1517 1563 1551; x_wconf 89' lang='lat' dir='ltr'>filiorum</span> <span class='ocrx_word' id='word_1_490' title='bbox 1583 1521 1666 1550; x_wconf 84' lang='lat' dir='ltr'>natu</span> <span class='ocrx_word' id='word_1_491' title='bbox 1687 1528 1761 1551; x_wconf 90' lang='lat' dir='ltr'><strong><em>ma-</em></strong></span> 
     </span>
     <span class='ocr_line' id='line_1_77' title="bbox 947 1562 1760 1620; baseline 0 -23"><span class='ocrx_word' id='word_1_492' title='bbox 947 1563 1027 1619; x_wconf 81' lang='lat' dir='ltr'>jor:</span> <span class='ocrx_word' id='word_1_493' title='bbox 1052 1575 1128 1598; x_wconf 83' lang='lat' dir='ltr'><strong><em>nam</em></strong></span> <span class='ocrx_word' id='word_1_494' title='bbox 1137 1563 1269 1620; x_wconf 75' lang='lat' dir='ltr'>plures</span> <span class='ocrx_word' id='word_1_495' title='bbox 1293 1563 1350 1596; x_wconf 87' lang='lat' dir='ltr'>ille</span> <span class='ocrx_word' id='word_1_496' title='bbox 1375 1562 1534 1606; x_wconf 83' lang='lat' dir='ltr'>habuit),</span> <span class='ocrx_word' id='word_1_497' title='bbox 1564 1562 1760 1606; x_wconf 77' lang='grc' dir='ltr'><strong><em>Οἰχαλιεΰς</em></strong></span> 
     </span>
     <span class='ocr_line' id='line_1_78' title="bbox 950 1607 1759 1662; baseline 0 -19"><span class='ocrx_word' id='word_1_498' title='bbox 950 1607 992 1643; x_wconf 86' lang='grc' dir='ltr'><strong><em>δε</em></strong></span> <span class='ocrx_word' id='word_1_499' title='bbox 1029 1608 1071 1644; x_wconf 81' lang='grc' dir='ltr'><strong><em>τὰ</em></strong></span> <span class='ocrx_word' id='word_1_500' title='bbox 1105 1608 1228 1653; x_wconf 84' lang='grc' dir='ltr'><strong><em>γένος,</em></strong></span> <span class='ocrx_word' id='word_1_501' title='bbox 1266 1609 1358 1652; x_wconf 80' lang='lat' dir='ltr'>(fuit</span> <span class='ocrx_word' id='word_1_502' title='bbox 1399 1609 1473 1642; x_wconf 87' lang='lat' dir='ltr'>scil.</span> <span class='ocrx_word' id='word_1_503' title='bbox 1499 1608 1662 1662; x_wconf 79' lang='lat' dir='ltr'>Eurytus</span> <span class='ocrx_word' id='word_1_504' title='bbox 1694 1620 1759 1643; x_wconf 81' lang='lat' dir='ltr'><strong><em>rex</em></strong></span> 
     </span>
     <span class='ocr_line' id='line_1_79' title="bbox 951 1652 1756 1710; baseline -0.002 -20"><span class='ocrx_word' id='word_1_505' title='bbox 951 1654 1139 1710; x_wconf 81' lang='lat' dir='ltr'>Oechaliae</span> <span class='ocrx_word' id='word_1_506' title='bbox 1162 1655 1259 1689; x_wconf 89' lang='lat' dir='ltr'>urbis</span> <span class='ocrx_word' id='word_1_507' title='bbox 1289 1654 1324 1687; x_wconf 88' lang='lat' dir='ltr'>in</span> <span class='ocrx_word' id='word_1_508' title='bbox 1348 1653 1551 1688; x_wconf 80' lang='lat' dir='ltr'>Thessalia.</span> <span class='ocrx_word' id='word_1_509' title='bbox 1584 1652 1756 1701; x_wconf 72' lang='grc' dir='ltr'><strong>ν.11.β,</strong></span> 
     </span>
     <span class='ocr_line' id='line_1_80' title="bbox 951 1697 1757 1756; baseline 0.001 -21"><span class='ocrx_word' id='word_1_510' title='bbox 951 1701 1057 1755; x_wconf 86' lang='lat'><em>596.)</em></span> <span class='ocrx_word' id='word_1_511' title='bbox 1083 1698 1325 1756; x_wconf 74' lang='grc' dir='ltr'><strong><em>ἀπολομένων</em></strong></span> <span class='ocrx_word' id='word_1_512' title='bbox 1366 1697 1468 1746; x_wconf 83' lang='grc' dir='ltr'><strong><em>αυτῷ</em></strong></span> <span class='ocrx_word' id='word_1_513' title='bbox 1511 1702 1586 1735; x_wconf 77' lang='grc' dir='ltr'><strong><em>ταῖν</em></strong></span> <span class='ocrx_word' id='word_1_514' title='bbox 1631 1701 1757 1737; x_wconf 84' lang='grc' dir='ltr'><strong><em>ι’ππων</em></strong></span> 
     </span>
     <span class='ocr_line' id='line_1_81' title="bbox 949 1734 1763 1793; baseline 0.002 -12"><span class='ocrx_word' id='word_1_515' title='bbox 949 1744 1092 1793; x_wconf 85' lang='grc' dir='ltr'><strong><em>περιῄει</em></strong></span> <span class='ocrx_word' id='word_1_516' title='bbox 1121 1746 1190 1787; x_wconf 79' lang='grc' dir='ltr'><strong><em>τοὶς</em></strong></span> <span class='ocrx_word' id='word_1_517' title='bbox 1223 1745 1327 1788; x_wconf 81' lang='grc' dir='ltr'><strong><em>πέριξ</em></strong></span> <span class='ocrx_word' id='word_1_518' title='bbox 1359 1734 1519 1789; x_wconf 78' lang='grc' dir='ltr'><strong><em>ἑρευνων</em></strong></span> <span class='ocrx_word' id='word_1_519' title='bbox 1546 1746 1691 1789; x_wconf 78' lang='grc' dir='ltr'><strong><em>πόλεις,</em></strong></span> <span class='ocrx_word' id='word_1_520' title='bbox 1723 1747 1763 1783; x_wconf 80' lang='grc' dir='ltr'><strong><em>εἴ</em></strong></span> 
     </span>
     <span class='ocr_line' id='line_1_82' title="bbox 949 1790 1758 1838; baseline 0.001 -11"><span class='ocrx_word' id='word_1_521' title='bbox 949 1805 1025 1827; x_wconf 88' lang='grc' dir='ltr'><strong><em>που</em></strong></span> <span class='ocrx_word' id='word_1_522' title='bbox 1049 1796 1211 1837; x_wconf 86' lang='grc' dir='ltr'><strong><em>φανεῖεν.</em></strong></span> <span class='ocrx_word' id='word_1_523' title='bbox 1260 1793 1453 1829; x_wconf 76' lang='grc' dir='ltr'><strong><em>Πολυίδου</em></strong></span> <span class='ocrx_word' id='word_1_524' title='bbox 1485 1790 1526 1828; x_wconf 88' lang='grc' dir='ltr'><strong><em>δε</em></strong></span> <span class='ocrx_word' id='word_1_525' title='bbox 1563 1794 1634 1829; x_wconf 79' lang='grc' dir='ltr'><strong><em>τοῦ</em></strong></span> <span class='ocrx_word' id='word_1_526' title='bbox 1661 1790 1758 1838; x_wconf 76' lang='grc' dir='ltr'><strong><em>μάν-</em></strong></span> 
     </span>
     <span class='ocr_line' id='line_1_83' title="bbox 950 1836 1759 1897; baseline 0.002 -23"><span class='ocrx_word' id='word_1_527' title='bbox 950 1852 1041 1880; x_wconf 78' lang='grc' dir='ltr'><strong><em>τεως</em></strong></span> <span class='ocrx_word' id='word_1_528' title='bbox 1065 1839 1238 1881; x_wconf 84' lang='grc' dir='ltr'><strong><em>εἰπόντος</em></strong></span> <span class='ocrx_word' id='word_1_529' title='bbox 1268 1836 1371 1894; x_wconf 76' lang='grc' dir='ltr'><strong><em>αὐτῷ</em></strong></span> <span class='ocrx_word' id='word_1_530' title='bbox 1402 1838 1464 1893; x_wconf 78' lang='grc' dir='ltr'>μή</span> <span class='ocrx_word' id='word_1_531' title='bbox 1484 1841 1759 1897; x_wconf 76' lang='grc' dir='ltr'><strong><em>παραγίνεσθαι</em></strong></span> 
     </span>
     <span class='ocr_line' id='line_1_84' title="bbox 951 1882 1758 1931; baseline 0.002 -10"><span class='ocrx_word' id='word_1_532' title='bbox 951 1887 1005 1926; x_wconf 86' lang='grc' dir='ltr'><strong><em>εἰς</em></strong></span> <span class='ocrx_word' id='word_1_533' title='bbox 1034 1888 1206 1930; x_wconf 74' lang='grc' dir='ltr'><strong><em>Τίρυνθα</em></strong></span> <span class='ocrx_word' id='word_1_534' title='bbox 1237 1883 1343 1929; x_wconf 75' lang='grc' dir='ltr'><strong><em>χάριν</em></strong></span> <span class='ocrx_word' id='word_1_535' title='bbox 1377 1882 1577 1931; x_wconf 77' lang='grc' dir='ltr'><strong><em>ζητήσεως,</em></strong></span> <span class='ocrx_word' id='word_1_536' title='bbox 1610 1884 1656 1922; x_wconf 79' lang='grc' dir='ltr'><strong><em>οὗ</em></strong></span> <span class='ocrx_word' id='word_1_537' title='bbox 1685 1885 1758 1931; x_wconf 71' lang='grc' dir='ltr'><strong><em>γαρ</em></strong></span> 
     </span>
     <span class='ocr_line' id='line_1_85' title="bbox 950 1929 1760 1989; baseline 0 -20"><span class='ocrx_word' id='word_1_538' title='bbox 950 1929 1049 1969; x_wconf 80' lang='grc' dir='ltr'><strong><em>εἶναι</em></strong></span> <span class='ocrx_word' id='word_1_539' title='bbox 1071 1933 1282 1989; x_wconf 83' lang='grc' dir='ltr'><strong><em>συμφέρον,</em></strong></span> <span class='ocrx_word' id='word_1_540' title='bbox 1306 1931 1449 1989; x_wconf 85' lang='grc' dir='ltr'><strong><em>λέγεται</em></strong></span> <span class='ocrx_word' id='word_1_541' title='bbox 1469 1932 1760 1978; x_wconf 69' lang='grc' dir='ltr'><strong><em>παρακούσαντα</em></strong></span> 
     </span>
     <span class='ocr_line' id='line_1_86' title="bbox 949 1976 1759 2037; baseline 0.001 -24"><span class='ocrx_word' id='word_1_542' title='bbox 949 1979 1237 2037; x_wconf 81' lang='grc' dir='ltr'><strong><em>παραγενέσθαι.</em></strong></span> <span class='ocrx_word' id='word_1_543' title='bbox 1283 1977 1351 2013; x_wconf 81' lang='grc' dir='ltr'><strong><em>τὸν</em></strong></span> <span class='ocrx_word' id='word_1_544' title='bbox 1381 1977 1422 2014; x_wconf 75' lang='grc' dir='ltr'><strong><em>δὲ</em></strong></span> <span class='ocrx_word' id='word_1_545' title='bbox 1441 1976 1620 2022; x_wconf 78' lang='grc' dir='ltr'><strong><em>Ηρακλέα</em></strong></span> <span class='ocrx_word' id='word_1_546' title='bbox 1643 1992 1759 2023; x_wconf 80' lang='grc' dir='ltr'><strong><em>μηχα-</em></strong></span> 
     </span>
     <span class='ocr_line' id='line_1_87' title="bbox 950 2024 1760 2072; baseline 0.001 -12"><span class='ocrx_word' id='word_1_547' title='bbox 950 2027 999 2072; x_wconf 90' lang='grc' dir='ltr'><strong><em>νῇ</em></strong></span> <span class='ocrx_word' id='word_1_548' title='bbox 1020 2039 1092 2060; x_wconf 87' lang='grc' dir='ltr'><strong><em>τινι</em></strong></span> <span class='ocrx_word' id='word_1_549' title='bbox 1121 2038 1184 2060; x_wconf 88' lang='grc' dir='ltr'><strong><em>και</em></strong></span> <span class='ocrx_word' id='word_1_550' title='bbox 1216 2026 1417 2071; x_wconf 80' lang='grc' dir='ltr'><strong><em>στρατηγία</em></strong></span> <span class='ocrx_word' id='word_1_551' title='bbox 1447 2024 1760 2070; x_wconf 76' lang='grc' dir='ltr'><strong><em>συνεφελκυσάμε-</em></strong></span> 
     </span>
     <span class='ocr_line' id='line_1_88' title="bbox 950 2062 1758 2130; baseline 0.003 -24"><span class='ocrx_word' id='word_1_552' title='bbox 950 2085 1017 2107; x_wconf 92' lang='grc' dir='ltr'><strong><em>νον</em></strong></span> <span class='ocrx_word' id='word_1_553' title='bbox 1039 2070 1154 2107; x_wconf 78' lang='grc' dir='ltr'><strong><em>αὐτὸν</em></strong></span> <span class='ocrx_word' id='word_1_554' title='bbox 1177 2083 1279 2128; x_wconf 78' lang='grc' dir='ltr'><strong><em>αγειν</em></strong></span> <span class='ocrx_word' id='word_1_555' title='bbox 1303 2072 1354 2111; x_wconf 82' lang='grc' dir='ltr'><strong><em>εἰς</em></strong></span> <span class='ocrx_word' id='word_1_556' title='bbox 1382 2062 1604 2115; x_wconf 79' lang='grc' dir='ltr'><strong><em>ἐπίκρημνον</em></strong></span> <span class='ocrx_word' id='word_1_557' title='bbox 1628 2075 1758 2130; x_wconf 84' lang='grc' dir='ltr'><strong><em>τεῖχος,</em></strong></span> 
     </span>
     <span class='ocr_line' id='line_1_89' title="bbox 950 2117 1760 2175; baseline 0.001 -23"><span class='ocrx_word' id='word_1_558' title='bbox 950 2118 1013 2154; x_wconf 85' lang='grc' dir='ltr'><strong><em>καὶ</em></strong></span> <span class='ocrx_word' id='word_1_559' title='bbox 1036 2118 1294 2175; x_wconf 83' lang='grc' dir='ltr'><strong><em>καταστρέψαι</em></strong></span> <span class='ocrx_word' id='word_1_560' title='bbox 1321 2117 1437 2173; x_wconf 78' lang='lat' dir='ltr'>(aliter</span> <span class='ocrx_word' id='word_1_561' title='bbox 1460 2118 1559 2153; x_wconf 87' lang='lat' dir='ltr'>Hom.</span> <span class='ocrx_word' id='word_1_562' title='bbox 1583 2120 1660 2161; x_wconf 74' lang='lat'>27.)</span> <span class='ocrx_word' id='word_1_563' title='bbox 1694 2117 1760 2153; x_wconf 76' lang='grc' dir='ltr'><strong><em>διὰ</em></strong></span> 
     </span>
     <span class='ocr_line' id='line_1_90' title="bbox 951 2162 1757 2209; baseline 0 -10"><span class='ocrx_word' id='word_1_564' title='bbox 951 2163 994 2200; x_wconf 80' lang='grc' dir='ltr'><strong><em>τὸ</em></strong></span> <span class='ocrx_word' id='word_1_565' title='bbox 1018 2164 1111 2208; x_wconf 78' lang='grc' dir='ltr'><strong><em>πρὸς</em></strong></span> <span class='ocrx_word' id='word_1_566' title='bbox 1134 2163 1252 2200; x_wconf 77' lang='grc' dir='ltr'><strong><em>αὐτὸν</em></strong></span> <span class='ocrx_word' id='word_1_567' title='bbox 1276 2162 1368 2207; x_wconf 73' lang='grc' dir='ltr'><strong><em>ἔχειν</em></strong></span> <span class='ocrx_word' id='word_1_568' title='bbox 1402 2163 1561 2209; x_wconf 65' lang='grc' dir='ltr'><strong><em>ἔγκλημα</em></strong></span> <span class='ocrx_word' id='word_1_569' title='bbox 1591 2164 1654 2201; x_wconf 81' lang='grc' dir='ltr'><strong><em>καὶ</em></strong></span> <span class='ocrx_word' id='word_1_570' title='bbox 1687 2163 1757 2200; x_wconf 89' lang='grc' dir='ltr'><strong><em>τὸν</em></strong></span> 
     </span>
     <span class='ocr_line' id='line_1_91' title="bbox 949 2208 1757 2266; baseline 0.002 -22"><span class='ocrx_word' id='word_1_571' title='bbox 949 2212 1108 2258; x_wconf 76' lang='grc' dir='ltr'><strong><em>πατέρα,</em></strong></span> <span class='ocrx_word' id='word_1_572' title='bbox 1151 2209 1210 2245; x_wconf 82' lang='grc' dir='ltr'><strong><em>ὅτι</em></strong></span> <span class='ocrx_word' id='word_1_573' title='bbox 1248 2208 1503 2256; x_wconf 85' lang='grc' dir='ltr'><strong><em>τελευτήσαντι</em></strong></span> <span class='ocrx_word' id='word_1_574' title='bbox 1531 2208 1647 2266; x_wconf 78' lang='grc' dir='ltr'><strong><em>αὐτῷ</em></strong></span> <span class='ocrx_word' id='word_1_575' title='bbox 1689 2211 1757 2246; x_wconf 76' lang='grc' dir='ltr'><strong><em>τόν</em></strong></span> 
     </span>
     <span class='ocr_line' id='line_1_92' title="bbox 951 2247 1756 2313; baseline 0.001 -22"><span class='ocrx_word' id='word_1_576' title='bbox 951 2258 1074 2292; x_wconf 72' lang='grc' dir='ltr'><strong><em>ἆθλον</em></strong></span> <span class='ocrx_word' id='word_1_577' title='bbox 1098 2255 1167 2301; x_wconf 80' lang='grc' dir='ltr'><strong><em>τήν</em></strong></span> <span class='ocrx_word' id='word_1_578' title='bbox 1186 2255 1299 2301; x_wconf 87' lang='grc' dir='ltr'><strong><em>Ἰόλην</em></strong></span> <span class='ocrx_word' id='word_1_579' title='bbox 1332 2260 1463 2313; x_wconf 83' lang='grc' dir='ltr'><strong><em>γαμεῖν</em></strong></span> <span class='ocrx_word' id='word_1_580' title='bbox 1495 2269 1564 2292; x_wconf 88' lang='grc' dir='ltr'><strong><em>ουκ</em></strong></span> <span class='ocrx_word' id='word_1_581' title='bbox 1594 2247 1756 2300; x_wconf 62' lang='grc' dir='ltr'><strong><em>ἔδωκαν,</em></strong></span> 
     </span>
     <span class='ocr_line' id='line_1_93' title="bbox 952 2301 1758 2360; baseline 0.001 -22"><span class='ocrx_word' id='word_1_582' title='bbox 952 2301 1035 2340; x_wconf 74' lang='grc' dir='ltr'><strong><em>ἀλλ’</em></strong></span> <span class='ocrx_word' id='word_1_583' title='bbox 1051 2301 1305 2360; x_wconf 76' lang='grc' dir='ltr'><strong><em>ἀτιμάσαντες</em></strong></span> <span class='ocrx_word' id='word_1_584' title='bbox 1337 2302 1571 2347; x_wconf 74' lang='grc' dir='ltr'><strong><em>ἀπέπεμψαν.</em></strong></span> <span class='ocrx_word' id='word_1_585' title='bbox 1616 2303 1758 2347; x_wconf 83' lang='grc' dir='ltr'><strong><em>λέγεται</em></strong></span> 
     </span>
     <span class='ocr_line' id='line_1_94' title="bbox 951 2347 1758 2396; baseline 0 -11"><span class='ocrx_word' id='word_1_586' title='bbox 951 2348 1013 2391; x_wconf 80' lang='grc' dir='ltr'><strong><em>δὲ,</em></strong></span> <span class='ocrx_word' id='word_1_587' title='bbox 1036 2348 1085 2390; x_wconf 78' lang='grc' dir='ltr'><strong><em>ὥς</em></strong></span> <span class='ocrx_word' id='word_1_588' title='bbox 1109 2348 1365 2395; x_wconf 70' lang='grc' dir='ltr'><strong><em>ἀγανακτήσας</em></strong></span> <span class='ocrx_word' id='word_1_589' title='bbox 1389 2348 1409 2386; x_wconf 82' lang='grc' dir='ltr'>ὁ</span> <span class='ocrx_word' id='word_1_590' title='bbox 1438 2349 1528 2389; x_wconf 88' lang='grc' dir='ltr'><strong><em>Ζευς</em></strong></span> <span class='ocrx_word' id='word_1_591' title='bbox 1550 2347 1609 2385; x_wconf 80' lang='grc' dir='ltr'><strong><em>ἐπὶ</em></strong></span> <span class='ocrx_word' id='word_1_592' title='bbox 1632 2352 1677 2396; x_wconf 88' lang='grc' dir='ltr'><strong><em>τῇ</em></strong></span> <span class='ocrx_word' id='word_1_593' title='bbox 1699 2351 1758 2393; x_wconf 78' lang='grc' dir='ltr'><strong><em>ξε-</em></strong></span> 
     </span>
     <span class='ocr_line' id='line_1_95' title="bbox 949 2394 1759 2454; baseline 0 -22"><span class='ocrx_word' id='word_1_594' title='bbox 949 2398 1124 2454; x_wconf 77' lang='grc' dir='ltr'><strong><em>νοκτονίᾳ</em></strong></span> <span class='ocrx_word' id='word_1_595' title='bbox 1172 2398 1396 2453; x_wconf 80' lang='grc' dir='ltr'><strong><em>προσέταξεν</em></strong></span> <span class='ocrx_word' id='word_1_596' title='bbox 1434 2394 1554 2441; x_wconf 84' lang='grc' dir='ltr'><strong><em>Ἐρμῇ</em></strong></span> <span class='ocrx_word' id='word_1_597' title='bbox 1597 2396 1759 2441; x_wconf 81' lang='grc' dir='ltr'><strong><em>λαβόντα</em></strong></span> 
     </span>
     <span class='ocr_line' id='line_1_96' title="bbox 950 2434 1758 2495; baseline 0 -17"><span class='ocrx_word' id='word_1_598' title='bbox 950 2441 1020 2478; x_wconf 78' lang='grc' dir='ltr'><strong><em>τόν</em></strong></span> <span class='ocrx_word' id='word_1_599' title='bbox 1037 2434 1220 2485; x_wconf 56' lang='lat' dir='ltr'><strong><em>‘Homul-sla</em></strong></span> <span class='ocrx_word' id='word_1_600' title='bbox 1249 2444 1415 2485; x_wconf 82' lang='grc' dir='ltr'><strong><em>πωλῆσαι</em></strong></span> <span class='ocrx_word' id='word_1_601' title='bbox 1445 2444 1552 2495; x_wconf 74' lang='grc' dir='ltr'><strong><em>δίκην</em></strong></span> <span class='ocrx_word' id='word_1_602' title='bbox 1584 2444 1655 2478; x_wconf 79' lang='grc' dir='ltr'><strong><em>τοῦ</em></strong></span> <span class='ocrx_word' id='word_1_603' title='bbox 1688 2442 1758 2487; x_wconf 87' lang='grc' dir='ltr'><strong><em>φό-</em></strong></span> 
     </span>
     <span class='ocr_line' id='line_1_97' title="bbox 951 2488 1757 2534; baseline 0 -9"><span class='ocrx_word' id='word_1_604' title='bbox 951 2497 1040 2525; x_wconf 78' lang='grc' dir='ltr'><strong><em>νου·</em></strong></span> <span class='ocrx_word' id='word_1_605' title='bbox 1075 2488 1141 2525; x_wconf 83' lang='grc' dir='ltr'><strong><em>τὸν</em></strong></span> <span class='ocrx_word' id='word_1_606' title='bbox 1166 2488 1206 2525; x_wconf 83' lang='grc' dir='ltr'><strong><em>δε</em></strong></span> <span class='ocrx_word' id='word_1_607' title='bbox 1230 2490 1283 2529; x_wconf 83' lang='grc' dir='ltr'><strong><em>εἰς</em></strong></span> <span class='ocrx_word' id='word_1_608' title='bbox 1309 2490 1455 2523; x_wconf 82' lang='grc' dir='ltr'><strong><em>Λυδίαν</em></strong></span> <span class='ocrx_word' id='word_1_609' title='bbox 1493 2488 1679 2533; x_wconf 83' lang='grc' dir='ltr'><strong><em>αγαγόντα</em></strong></span> <span class='ocrx_word' id='word_1_610' title='bbox 1711 2489 1757 2534; x_wconf 82' lang='grc' dir='ltr'><strong><em>τῇ</em></strong></span> 
     </span>
     <span class='ocr_line' id='line_1_98' title="bbox 950 2533 1760 2591; baseline 0.001 -21"><span class='ocrx_word' id='word_1_611' title='bbox 950 2537 1026 2570; x_wconf 77' lang='grc' dir='ltr'><strong><em>τῶν</em></strong></span> <span class='ocrx_word' id='word_1_612' title='bbox 1047 2535 1173 2572; x_wconf 85' lang='grc' dir='ltr'><strong><em>τόπων</em></strong></span> <span class='ocrx_word' id='word_1_613' title='bbox 1195 2534 1438 2581; x_wconf 79' lang='grc' dir='ltr'><strong><em>βασιλευούσῃ</em></strong></span> <span class='ocrx_word' id='word_1_614' title='bbox 1468 2533 1644 2591; x_wconf 74' lang='grc' dir='ltr'><strong><em>Ὀμφάλῃ</em></strong></span> <span class='ocrx_word' id='word_1_615' title='bbox 1668 2536 1760 2571; x_wconf 71' lang='lat'><em>6⁰6-</em></span> 
     </span>
     <span class='ocr_line' id='line_1_99' title="bbox 951 2579 1758 2638; baseline 0 -21"><span class='ocrx_word' id='word_1_616' title='bbox 951 2595 1016 2618; x_wconf 88' lang='grc' dir='ltr'><strong><em>ναι</em></strong></span> <span class='ocrx_word' id='word_1_617' title='bbox 1046 2584 1160 2628; x_wconf 77' lang='grc' dir='ltr'><strong><em>τριῶν</em></strong></span> <span class='ocrx_word' id='word_1_618' title='bbox 1194 2582 1400 2638; x_wconf 83' lang='grc' dir='ltr'><strong><em>τιμηθέντα</em></strong></span> <span class='ocrx_word' id='word_1_619' title='bbox 1428 2582 1632 2617; x_wconf 85' lang='grc' dir='ltr'><strong><em>ταλαντων.</em></strong></span> <span class='ocrx_word' id='word_1_620' title='bbox 1677 2579 1758 2627; x_wconf 73' lang='grc' dir='ltr'><strong><em>ἡὶ-</em></strong></span> 
     </span>
    </p>
   </div>
   <div class='ocr_carea' id='block_1_9' title="bbox 952 2595 1757 2674">
    <p class='ocr_par' dir='ltr' id='par_1_11' title="bbox 952 2595 1757 2674">
     <span class='ocr_line' id='line_1_100' title="bbox 952 2595 1757 2674; baseline 0 -11"><span class='ocrx_word' id='word_1_621' title='bbox 952 2630 1082 2671; x_wconf 89' lang='grc' dir='ltr'><strong><em>στορία</em></strong></span> <span class='ocrx_word' id='word_1_622' title='bbox 1114 2641 1218 2673; x_wconf 89' lang='grc' dir='ltr'><strong><em>παρα</em></strong></span> <span class='ocrx_word' id='word_1_623' title='bbox 1252 2629 1439 2674; x_wconf 77' lang='grc' dir='ltr'><strong><em>Φερεκύδῃ</em></strong></span> <span class='ocrx_word' id='word_1_624' title='bbox 1470 2630 1604 2673; x_wconf 83' lang='lat' dir='ltr'>(Sturz.</span> <span class='ocrx_word' id='word_1_625' title='bbox 1627 2595 1757 2672; x_wconf 85' lang='grc'><strong>11.46.,</strong></span> 
     </span>
    </p>
   </div>
   <div class='ocr_carea' id='block_1_10' title="bbox 953 2673 1756 2808">
    <p class='ocr_par' dir='ltr' id='par_1_12' title="bbox 953 2673 1756 2808">
     <span class='ocr_line' id='line_1_101' title="bbox 953 2673 1756 2719; baseline -0.003 -8.836"><span class='ocrx_word' id='word_1_626' title='bbox 953 2676 1123 2719; x_wconf 82' lang='lat' dir='ltr'>p..1.85)</span> <span class='ocrx_word' id='word_1_627' title='bbox 1180 2675 1227 2709; x_wconf 85' lang='lat' dir='ltr'><strong><em>cf.</em></strong></span> <span class='ocrx_word' id='word_1_628' title='bbox 1261 2675 1419 2719; x_wconf 88' lang='lat' dir='ltr'>Apollod.</span> <span class='ocrx_word' id='word_1_629' title='bbox 1453 2676 1498 2716; x_wconf 74' lang='lat'><strong><em>2,</em></strong></span> <span class='ocrx_word' id='word_1_630' title='bbox 1529 2677 1563 2710; x_wconf 85' lang='lat'><strong><em>6.</em></strong></span> <span class='ocrx_word' id='word_1_631' title='bbox 1608 2673 1756 2718; x_wconf 83' lang='lat' dir='ltr'>Iphitus,</span> 
     </span>
     <span class='ocr_line' id='line_1_102' title="bbox 953 2700 1756 2779; baseline -0.002 -24"><span class='ocrx_word' id='word_1_632' title='bbox 953 2721 1106 2755; x_wconf 87' lang='lat' dir='ltr'>Nauboli</span> <span class='ocrx_word' id='word_1_633' title='bbox 1135 2720 1182 2755; x_wconf 88' lang='lat' dir='ltr'><strong><em>fil.</em></strong></span> <span class='ocrx_word' id='word_1_634' title='bbox 1195 2744 1207 2763; x_wconf 86' lang='lat'><em>‚</em></span> <span class='ocrx_word' id='word_1_635' title='bbox 1242 2727 1451 2757; x_wconf 76' lang='lat' dir='ltr'>memoratur</span> <span class='ocrx_word' id='word_1_636' title='bbox 1482 2700 1523 2754; x_wconf 75' lang='grc'><strong><em>11.</em></strong></span> <span class='ocrx_word' id='word_1_637' title='bbox 1539 2719 1591 2779; x_wconf 82' lang='grc' dir='ltr'><strong><em>β’,</em></strong></span> <span class='ocrx_word' id='word_1_638' title='bbox 1626 2721 1694 2756; x_wconf 89' lang='grc'><strong><em>518</em></strong></span> <span class='ocrx_word' id='word_1_639' title='bbox 1719 2724 1756 2754; x_wconf 79' lang='lat' dir='ltr'><strong><em>et</em></strong></span> 
     </span>
     <span class='ocr_line' id='line_1_103' title="bbox 987 2765 1753 2808; baseline -0.006 -5.822"><span class='ocrx_word' id='word_1_640' title='bbox 987 2769 1100 2807; x_wconf 83' lang='lat'><em>,306.</em></span> <span class='ocrx_word' id='word_1_641' title='bbox 1132 2788 1178 2793; x_wconf 90' lang='lat'>—</span> <span class='ocrx_word' id='word_1_642' title='bbox 1217 2765 1491 2808; x_wconf 79' lang='grc' dir='ltr'><strong><em>ἐπιείκελος</em></strong></span> <span class='ocrx_word' id='word_1_643' title='bbox 1523 2766 1665 2801; x_wconf 73' lang='grc' dir='ltr'><strong><em>ἀθαν.</em></strong></span> <span class='ocrx_word' id='word_1_644' title='bbox 1712 2765 1753 2799; x_wconf 91' lang='lat' dir='ltr'><strong><em>Il.</em></strong></span> 
     </span>
    </p>
   </div>
   <div class='ocr_carea' id='block_1_11' title="bbox 952 2809 1762 2999">
    <p class='ocr_par' dir='ltr' id='par_1_13' title="bbox 952 2809 1762 2998">
     <span class='ocr_line' id='line_1_104' title="bbox 977 2809 1756 2868; baseline -0.003 -20.872"><span class='ocrx_word' id='word_1_645' title='bbox 977 2810 1111 2853; x_wconf 86' lang='grc'><strong><em>’,3,94</em></strong></span> <span class='ocrx_word' id='word_1_646' title='bbox 1137 2810 1173 2854; x_wconf 91' lang='grc' dir='ltr'><strong><em>ι’,</em></strong></span> <span class='ocrx_word' id='word_1_647' title='bbox 1198 2813 1267 2848; x_wconf 87' lang='grc'><strong>485</strong></span> <span class='ocrx_word' id='word_1_648' title='bbox 1292 2817 1358 2847; x_wconf 87' lang='lat' dir='ltr'>etc.</span> <span class='ocrx_word' id='word_1_649' title='bbox 1382 2813 1471 2847; x_wconf 88' lang='lat' dir='ltr'>idem</span> <span class='ocrx_word' id='word_1_650' title='bbox 1495 2818 1548 2846; x_wconf 82' lang='lat' dir='ltr'><strong><em>est</em></strong></span> <span class='ocrx_word' id='word_1_651' title='bbox 1571 2809 1756 2868; x_wconf 77' lang='grc' dir='ltr'><strong><em>θεοειδὴς,</em></strong></span> 
     </span>
     <span class='ocr_line' id='line_1_105' title="bbox 952 2855 1757 2900; baseline -0.004 -6"><span class='ocrx_word' id='word_1_652' title='bbox 952 2861 1079 2900; x_wconf 74' lang='grc' dir='ltr'><strong><em>θεῖος,</em></strong></span> <span class='ocrx_word' id='word_1_653' title='bbox 1104 2859 1197 2899; x_wconf 84' lang='grc' dir='ltr'><strong><em>δῖος.</em></strong></span> <span class='ocrx_word' id='word_1_654' title='bbox 1244 2871 1279 2894; x_wconf 87' lang='lat' dir='ltr'><strong><em>v.</em></strong></span> <span class='ocrx_word' id='word_1_655' title='bbox 1312 2871 1390 2893; x_wconf 86' lang='lat' dir='ltr'>ann.</span> <span class='ocrx_word' id='word_1_656' title='bbox 1424 2859 1466 2892; x_wconf 88' lang='lat' dir='ltr'><strong><em>ad</em></strong></span> <span class='ocrx_word' id='word_1_657' title='bbox 1503 2859 1543 2893; x_wconf 89' lang='grc'><strong><em>11.</em></strong></span> <span class='ocrx_word' id='word_1_658' title='bbox 1567 2855 1614 2899; x_wconf 90' lang='grc' dir='ltr'><strong><em>α’,</em></strong></span> <span class='ocrx_word' id='word_1_659' title='bbox 1646 2857 1681 2892; x_wconf 96' lang='grc'><strong><em>4.</em></strong></span> <span class='ocrx_word' id='word_1_660' title='bbox 1711 2876 1757 2882; x_wconf 93' lang='lat'><em>-</em></span> 
     </span>
     <span class='ocr_line' id='line_1_106' title="bbox 953 2901 1759 2963; baseline -0.001 -25"><span class='ocrx_word' id='word_1_661' title='bbox 953 2906 1056 2939; x_wconf 89' lang='lat' dir='ltr'>Sch..</span> <span class='ocrx_word' id='word_1_662' title='bbox 1061 2904 1325 2963; x_wconf 86' lang='grc' dir='ltr'><strong><em>Μεσσήνη.</em></strong></span> <span class='ocrx_word' id='word_1_663' title='bbox 1371 2905 1430 2958; x_wconf 87' lang='grc' dir='ltr'><strong><em>τῇ</em></strong></span> <span class='ocrx_word' id='word_1_664' title='bbox 1443 2906 1661 2948; x_wconf 80' lang='grc' dir='ltr'><strong><em>Μεσσηναίᾳ</em></strong></span> <span class='ocrx_word' id='word_1_665' title='bbox 1688 2901 1759 2947; x_wconf 77' lang='grc' dir='ltr'><strong><em>χώ-</em></strong></span> 
     </span>
     <span class='ocr_line' id='line_1_107' title="bbox 954 2945 1762 2999; baseline 0 -13"><span class='ocrx_word' id='word_1_666' title='bbox 954 2965 1022 2999; x_wconf 70' lang='grc' dir='ltr'><strong><em>ρςι,</em></strong></span> <span class='ocrx_word' id='word_1_667' title='bbox 1055 2946 1137 2997; x_wconf 77' lang='grc' dir='ltr'><strong><em>ἥτις</em></strong></span> <span class='ocrx_word' id='word_1_668' title='bbox 1165 2945 1213 2997; x_wconf 82' lang='grc' dir='ltr'><strong><em>ἦν</em></strong></span> <span class='ocrx_word' id='word_1_669' title='bbox 1245 2952 1355 2998; x_wconf 80' lang='grc' dir='ltr'><strong><em>μέρος</em></strong></span> <span class='ocrx_word' id='word_1_670' title='bbox 1384 2950 1450 2997; x_wconf 74' lang='grc' dir='ltr'><strong><em>τῆς</em></strong></span> <span class='ocrx_word' id='word_1_671' title='bbox 1482 2951 1762 2994; x_wconf 84' lang='grc' dir='ltr'><strong><em>Λακεδαίμονος</em></strong></span> 
     </span>
    </p>
   </div>
  </div>
 </body>
</html>
