1821 3288
136 113 220 154 4⁰8
513 106 838 151 -ADDENDA
868 105 948 147 ΕΤ
974 97 1394 147 ΕΜΕΝΒΑΝΒΑ.

135 233 198 262 τε,
223 234 256 256 u.
281 217 335 263 ἔ.,
355 217 513 254 πάντα
532 217 689 259 ἐπέων
723 232 756 254 n.
789 217 940 261 ἔργων
970 226 1045 262 pro.
1080 226 1118 250 π.
1144 214 1232 252 ἔπεα
1253 230 1286 251 κ.
1312 216 1410 262 ἔργα.
1431 235 1479 242 -—
1505 216 1585 251 539.
1618 216 1696 250 καὶ
1721 214 1782 250 σύ.

136 266 336 302 concinnius
357 266 464 301 suerit.
485 263 535 308 ὥς
558 265 629 309 οὒ,
654 277 744 312 quae
768 263 936 300 vocabula
957 260 1156 308 permisceri
1186 263 1307 298 solent.
1331 281 1375 290 —-
1401 264 1482 299 563.
1522 263 1670 296 fortasse
1699 261 1785 296 ferri

137 316 254 359 potest
274 308 375 357 ἦγεμ.
873 355 875 357 ¹

227 379 274 414 H.
300 381 336 415 in
362 379 522 418 Venerem
542 381 623 416 200.
647 377 801 413 faciliore
826 375 964 421 negotio
986 375 1140 411 scribas:
1163 394 1210 401 —
1235 371 1324 420 ἄχος
1346 374 1450 412 ἕνεκα
1473 376 1529 422 βρ.
1555 371 1706 419 ἀνέρος,
1739 369 1785 410 οὗ

136 423 249 460 πέσον
275 423 383 472 εὐνῇ,
410 423 543 472 εὐνῇ,
566 427 618 465 εἰς
643 421 774 468 εὐνὴν,
797 423 888 457 sicut
912 423 947 456 h.
970 421 1005 455 in
1031 422 1111 455 Cer.
1133 422 1189 456 50.
1214 420 1308 459 οὐδὲ,
1327 423 1418 466 χρόα
1443 422 1593 468 βάλλετο
1618 425 1787 464 λουτροῖς

137 476 206 508 etc.
231 472 276 507 de
300 485 344 507 ου
370 476 406 506 et
429 484 460 508 ει
482 471 712 514 similibusque
735 468 886 503 confusis
910 480 945 502 v.
967 467 1105 501 Jacobs.
1128 466 1241 500 indice
1266 469 1490 512 Anthologiae
1513 469 1600 509 Pal„
1623 479 1685 504 nos
1708 479 1786 502 ann.

136 518 182 551 ad
207 518 408 562 Aeschylum
432 522 498 552 etc.
523 536 566 543 -—
598 518 679 553 210.
702 515 815 551 malim
837 520 874 548 et
897 514 953 548 hic
977 519 1013 547 et
1035 514 1115 549 217.
1144 524 1358 548 numerorum
1395 514 1526 558 gratia:
1564 512 1683 550 ἔπειτ’
1707 513 1787 560 ἐγό-

135 575 235 600 ασκε.
256 581 302 595 ν·-
324 565 404 600 272.
428 575 495 599 scr.
519 560 602 598 ἄπ’.
1341 572 1345 573 ’

227 632 275 666 Η.
299 632 337 666 ὅτι
360 631 513 665 Cererem
537 631 594 665 23.
619 627 802 665 ἐλαῖαι.
832 639 907 662 sero
930 626 1107 670 intelligo,
1130 627 1214 660 nibil
1238 627 1432 661 mutandum
1449 638 1536 662 esse.
1559 640 1626 662 non
1644 628 1789 662 audive-

135 683 217 713 runt
240 678 477 722 Proser-[finam
502 676 597 709 oleae
621 675 664 709 ad
688 675 776 709 viam
801 674 998 720 plantatae,
1037 684 1106 716 qua
1129 679 1228 716 rapta
1253 679 1316 706 est.
1352 673 1434 717 quid
1457 679 1526 706 tum
1552 679 1691 718 postea,
1729 680 1789 708 aut

134 736 198 759 cur
219 724 283 756 hoc
307 724 414 757 minus
439 722 614 756 serendum
647 727 700 755 est
725 733 823 766 quam
850 720 965 753 Bionis
990 718 1072 751 illud
1097 718 1190 762 idyll.
1214 720 1269 753 3.:
1303 720 1374 753 νῦν
1397 718 1501 761 φυτά
1523 732 1588 763 μοι
1610 721 1788 763 μύρεσθε,

134 770 197 805 καὶ
222 767 336 804 ἄλσεα
359 769 428 804 νῦν
449 767 655 811 γοάοισθεῖ)
691 767 736 801 cf.
761 767 859 808 Virg.
883 765 979 809 idyll.
1006 765 1040 806 5,
1065 764 1109 798 28
1126 775 1221 808 seqq.
1249 769 1314 798 etc.
1344 777 1406 799 nec
1430 764 1498 808 dii,
1540 777 1602 798 nec
1626 767 1788 808 homines,

134 827 199 849 nec
221 815 363 848 arbores
389 819 530 860 totaque
554 819 677 848 natura
709 813 894 847 inanimata
917 810 1027 844 audiit
1053 811 1197 854 ejulatus
1221 810 1378 854 virginis.
1413 810 1463 844 sic
1498 811 1682 855 loquuntur
1707 816 1790 856 poe-

135 867 204 895 tae.
226 879 274 885 ——
295 861 353 895 37.
380 861 468 894 bene
491 861 596 894 habet
619 859 731 903 μέγαν
755 857 857 893 νόον.
881 877 925 881 -
949 856 1006 891 46.
1033 857 1143 889 malim
1167 867 1277 890 nunc:
1310 854 1398 892 ου’δὲ
1431 869 1468 891 τε
1493 858 1638 891 οἰωνῶν
1661 871 1715 898 τις
1740 857 1790 894 ἔτ.

135 912 201 942 etc.
224 925 270 931 ——
294 907 349 941 58.
374 907 425 940 sic
450 906 562 950 potius
584 907 794 940 scribamus:
830 902 888 938 σοὶ
912 900 958 946 δή
983 898 1023 937 κ’
1048 901 1169 946 ἔλεγον
1191 915 1276 946 νημ.
1303 916 1363 944 π.,
1383 905 1542 947 profecto
1567 904 1632 937 tibi
1658 905 1790 939 verita-

134 958 204 987 tem
238 964 369 986 omnem
390 954 640 996 patefecissem.
663 971 709 977 ——-
742 952 796 985 89.
821 950 907 984 male
938 949 1148 982 immiserunt
1181 948 1346 992 virgulam
1380 955 1459 994 post
1487 948 1719 993 τανύπτεροι.
1745 971 1790 977 -

135 1000 215 1034 153.
239 997 467 1033 Διόκλου.
501 998 640 1035 Diocles
665 997 763 1032 audit
785 995 865 1032 473.
902 995 1143 1038 malinrigitur
1168 996 1358 1035 Διοκλεῦς.
1391 1013 1437 1020 -·
1471 995 1550 1030 194.
1577 994 1790 1032 ἀέκουσα

134 1043 317 1088 ἔμιμνε.
353 1044 465 1078 hiatus
488 1043 671 1080 molestior.
697 1043 873 1088 suspicor,
898 1043 1033 1085 poetam
1058 1041 1207 1074 dixisse:
1233 1038 1381 1076 οἰκέουσ’
1404 1040 1588 1084 ἐπέμιμνε.
1612 1042 1791 1087 negligere

133 1092 248 1125 solent
272 1090 405 1125 librarii
428 1090 696 1135 apostrophum3
725 1101 768 1124 επ
792 1093 926 1132 raptum
951 1086 1056 1120 fuerit
1079 1098 1098 1120 a
1123 1099 1167 1129 εμ
1191 1087 1310 1128 simili,
1336 1088 1426 1132 quod
1452 1087 1616 1131 sequitur.
1639 1110 1686 1115 -—
1710 1089 1789 1125 204.

133 1137 345 1172 scribamus:
370 1136 475 1171 ἵλαον
500 1133 548 1170 ἂν
571 1139 670 1180 σχεῖν
692 1137 732 1170 θ.
749 1134 868 1168 offecit
891 1132 1081 1176 particulae
1105 1132 1303 1175 aptissimae
1326 1146 1388 1169 -ον
1412 1133 1629 1168 antecedens.
1643 1136 1790 1170 -.235.

133 1182 321 1218 scribamus
343 1182 400 1216 hic
423 1193 577 1227 quoque,
616 1186 654 1214 ut
677 1181 821 1214 inferius
844 1181 930 1214 300:
967 1175 987 1213 ὁ
1026 1174 1066 1211 δ’
1093 1176 1216 1219 ἀέξετο
1244 1180 1424 1219 δαίμονος
1455 1179 1554 1224 αἴσῃ.
1585 1181 1687 1223 longe
1719 1182 1788 1215 alio

133 1239 235 1262 sensu
260 1228 411 1271 δαίμονι
436 1227 516 1264 ἶσόν
539 1239 623 1261 τινα
640 1226 758 1260 dicunt
781 1225 815 1258 hi
837 1224 1041 1265 scriptores:
1067 1235 1100 1257 v.
1117 1224 1159 1259 ll.
1182 1222 1221 1267 ε’,
1247 1225 1314 1259 438
1341 1231 1404 1258 etc.
1439 1233 1621 1269 praeterea
1645 1225 1686 1260 τό
1710 1225 1790 1262 ἴσον

133 1275 305 1317 δαίμονι,
332 1285 398 1318 quo
421 1284 524 1308 sensu
547 1273 583 1306 id
607 1272 803 1316 accipiunt,
831 1269 1044 1313 significatur
1067 1271 1146 1304 237.
1172 1288 1217 1294 —
1241 1271 1319 1304 265.
1343 1271 1395 1303 sic
1419 1281 1504 1304 scrut
1541 1269 1692 1316 [ὥρῃσιν
1721 1279 1789 1308 etc.

133 1338 180 1348 --
202 1321 283 1355 269.
307 1330 397 1353 scr.:
422 1317 660 1358 *ἀθανάτοις
684 1324 750 1352 etc.
786 1335 830 1342 --
861 1316 941 1350 364.
976 1312 1152 1349 ἐνθάδ’
1186 1315 1341 1351 ἐοῦσα.
1380 1316 1502 1355 miror,
1541 1318 1604 1350 hoc
1635 1317 1791 1353 relictum

134 1377 222 1400 esse.
247 1365 371 1400 dudum
404 1367 484 1411 poni
506 1366 610 1409 jussit
639 1361 887 1398 Ruhnkeniusz
922 1360 1016 1395 ἔνθα
1047 1358 1087 1395 δ’
1113 1360 1241 1396 ἐοῦσα.
1276 1381 1321 1387 -
1344 1362 1425 1396 371.
1462 1360 1638 1396 delendum
1668 1364 1720 1398 δέ.
1745 1383 1792 1390 -—-

133 1413 325 1446 407-410.
350 1423 440 1449 son:
464 1431 507 1437 —
534 1408 793 1455 ου’ρανιώνων,
827 1406 950 1442 ἐλθεῖν
974 1414 1040 1441 etc.
1063 1408 1223 1451 apodosis
1248 1407 1441 1442 continetur
1464 1407 1578 1445 verbis
1601 1406 1722 1455 αὐτὰρ
1743 1429 1791 1436 .-

133 1456 331 1503 χάρματος.
354 1463 452 1492 recte
476 1460 590 1493 autem
613 1457 732 1493 Voss.:
758 1451 883 1490 αὐτίκ’
910 1452 1002 1497 ἐγών
1026 1459 1093 1487 etc.
1117 1473 1157 1479 -
1186 1455 1265 1489 465.
1289 1465 1375 1488 sen:
1398 1451 1557 1497 καρητι.·

225 1527 271 1564 Η.
298 1528 331 1569 8,
355 1527 408 1561 5..
432 1526 483 1560 ita
507 1524 630 1562 suadeo
655 1523 858 1558 scribamus:
884 1520 1083 1561 ἀντιβίοισι
1104 1521 1264 1564 τύραννε
1292 1522 1529 1564 δικαιοτέρων
1552 1520 1617 1565 ἆγὲ
1642 1524 1789 1566 φωτῶν,

134 1572 168 1607 h.
193 1586 223 1607 e.
247 1585 319 1615 rex,
339 1573 396 1620 qui
420 1573 641 1615 ducisjustos
662 1571 754 1604 viros
775 1569 940 1602 adversus
961 1569 1114 1602 inimicos
1138 1579 1264 1602 corum.
1290 1568 1512 1614 pervulgatus
1537 1575 1590 1602 est
1614 1582 1791 1616 compara-

133 1619 197 1653 tivi
221 1630 301 1653 usus
325 1625 389 1664 pro
411 1618 581 1662 positivo,
605 1627 668 1651 nec
691 1626 770 1648 raro
795 1615 858 1648 hae
880 1614 1010 1647 formae
1034 1614 1290 1659 permiscentur.
1321 1636 1368 1642 —-
1401 1615 1435 1649 6.
1459 1611 1688 1662 ἠνορέης,
1717 1618 1791 1652 vir-

133 1664 218 1700 iatis
234 1692 243 1707 ,
263 1665 404 1699 sortium
427 1664 589 1698 virorum.
613 1681 657 1687 —
683 1659 737 1696 14.
761 1671 829 1694 scr.
856 1657 1019 1704 ἐρέθῃσι.

225 1723 272 1755 Η.
298 1721 358 1764 19,
384 1721 439 1756 19.
464 1720 572 1764 σφὶν,
599 1719 693 1753 Pane
721 1724 758 1751 et
780 1717 935 1752 luscinia.
956 1736 999 1742 --
1023 1717 1081 1754 28.
1106 1727 1173 1751 scr.
1199 1713 1282 1752 οἷόν
1308 1712 1350 1764 γ’.
1404 1718 1407 1721 ’

226 1769 271 1802 Η.
296 1769 353 1808 27,
377 1769 411 1801 7.
435 1778 502 1802 scr.
526 1763 605 1806 ἄπ’,
631 1762 787 1800 ἄποθεν.

226 1817 269 1847 H.
295 1814 352 1854 30,
377 1812 410 1849 5.
435 1824 518 1847 scm
546 1813 607 1847 ἴνα
628 1809 768 1855 πρώτῃ.
838 1850 842 1851 ⁷

227 1861 272 1896 H.
297 1861 353 1902 32,
378 1860 414 1894 7.
443 1859 564 1904 quidni
587 1856 785 1892 ἐπιείκελον
809 1853 1041 1899 ἀθανάτοις,
1065 1853 1122 1900 qui
1147 1853 1192 1888 sit
1215 1852 1292 1898 ipse
1316 1853 1428 1888 deus?
1453 1865 1616 1898 ponamus
1639 1852 1792 1900 ἐπιήρα-

135 1919 201 1942 νον
228 1905 294 1940 οἷθ.
309 1930 319 1946 ,
344 1910 521 1949 acceptum
545 1909 752 1950 gratumque
774 1903 852 1936 diis.
878 1903 963 1936 alias
987 1912 1122 1947 quoque
1145 1901 1313 1944 permixta
1337 1913 1361 1945 η
1383 1906 1420 1934 et.
1443 1913 1485 1943 ει,
1506 1913 1527 1946 ρ
1553 1907 1588 1935 et
1611 1914 1643 1943 u,
1666 1904 1686 1936 λ,
1703 1908 1739 1937 et
1755 1916 1789 1939 ν.

136 1957 232 1988 certe
255 1951 455 1988 ἐπιείκελον
479 1962 543 1985 non
569 1952 622 1985 est
642 1949 830 1984 ferendum.
856 1968 897 1976 -·
929 1949 982 1983 16.
1008 1959 1075 1981 scr.
1099 1944 1274 1990 πέμπησι.
1533 1972 1537 1976 .

229 2020 272 2059 Η.
296 2021 354 2062 33,
381 2022 412 2055 1.
437 2016 577 2062 Μήνην
601 2017 740 2053 ἀείδειν
763 2030 842 2052 ταν.
867 2015 1013 2059 ἔσπετε,
1038 2016 1202 2054 Μοῦσαι.
1225 2014 1335 2060 quid?
1368 2012 1491 2051 ἕσπετε
1517 2012 1684 2051 deiciam?
1714 2018 1791 2063 quis

135 2067 187 2101 ita
209 2065 346 2108 locutus
371 2066 450 2099 est?
472 2065 646 2100 Hesiodus
670 2064 740 2100 Th.
767 2065 866 2099 114.:
910 2061 1032 2098 ταῦτά
1054 2075 1119 2106 μοι
1143 2059 1287 2101 ἕσπετε,
1321 2062 1485 2096 Μὀῦσαι.
1508 2062 1632 2105 hymno
1649 2063 1712 2106 ²34,
1740 2067 1789 2098 1.=

134 2111 240 2157 Ἀμφὶ
265 2111 359 2152 Διός
382 2111 548 2155 κούρους
572 2109 779 2157 ἑλικώπιδες
803 2108 925 2144 ἕσπετε
951 2111 1104 2145 Mosam
1129 2112 1192 2141 etc.
1227 2118 1346 2149 nempe
1370 2107 1427 2140 hic
1450 2119 1596 2158 quoque,
1619 2113 1658 2142 ut
1685 2119 1791 2154 saepe

136 2159 240 2205 alias,
264 2162 366 2194 suet
388 2171 432 2200 οι,
457 2157 643 2206 itidemque
667 2170 690 2200 η
713 2162 749 2190 et
774 2169 825 2197 ει,
851 2157 992 2191 confusa
1014 2155 1209 2192 turbarunt.
1242 2154 1431 2201 scribamus
1454 2150 1600 2199 εὐειδῆ,
1621 2155 1790 2198 pulcram.

137 2205 184 2240 cf.
208 2207 262 2239 16.
286 2226 332 2232 -
358 2205 412 2240 11.
438 2200 610 2250 ὄγμος,
634 2205 744 2237 sulcus
767 2202 886 2241 lunae,
910 2203 944 2241 lx.
971 2215 1002 2237 e.
1026 2200 1177 2241 cavitas,
1201 2210 1289 2244 quae
1312 2198 1565 2244 videtur;esse,
1589 2201 1791 2244 crescentis,

138 2251 281 2286 necdum
304 2250 438 2296 plenae.
461 2270 506 2275 -—
532 2251 586 2287 12.
611 2259 698 2284 son:
725 2251 836 2292 λαμπ.
855 2245 898 2292 y’.
1696 2244 1698 2249 “

229 2308 350 2352 Epigr.
377 2306 411 2349 4,
439 2308 492 2343 10.
516 2317 584 2343 scr.
610 2301 874 2349 ἅπανήνασθεν
899 2316 962 2348 pro
989 2302 1268 2347 οἷ-νάσθησαν.

229 2355 355 2399 Epigr.
380 2352 436 2393 15,
463 2355 494 2387 1.
519 2363 598 2387 ann.
623 2353 668 2386 cf.
694 2363 772 2385 ann.
795 2352 840 2385 ad
864 2351 993 2396 odyss.
1018 2348 1064 2394 α’,
1089 2351 1167 2385 276.
1192 2349 1226 2382 in
1249 2346 1338 2382 Add.
1362 2347 1429 2384 vol.
1452 2349 1487 2385 6.
1529 2384 1531 2386 .

231 2400 370 2446 Fragm.
395 2399 505 2435 Theb,
531 2409 609 2446 pag.
632 2399 711 2436 370.
736 2408 838 2433 versu
862 2400 918 2434 11.
941 2408 1029 2434 scm
1053 2400 1086 2434 4.
1110 2396 1229 2441 ἰσχίον
1252 2399 1318 2431 etc.
