<?xml version="1.0" encoding="UTF-8"?>
<!DOCTYPE html PUBLIC "-//W3C//DTD XHTML 1.0 Transitional//EN"
    "http://www.w3.org/TR/xhtml1/DTD/xhtml1-transitional.dtd">
<html xmlns="http://www.w3.org/1999/xhtml" xml:lang="en" lang="en">
 <head>
  <title>
</title>
<meta http-equiv="Content-Type" content="text/html;charset=utf-8" />
  <meta name='ocr-system' content='tesseract 3.04.00' />
  <meta name='ocr-capabilities' content='ocr_page ocr_carea ocr_par ocr_line ocrx_word'/>
</head>
<body>
  <div class='ocr_page' id='page_1' title='image "./carmina05home/carmina05home_0107.png"; bbox 0 0 1821 3288; ppageno 0'>
   <div class='ocr_carea' id='block_1_1' title="bbox 488 95 1227 141">
    <p class='ocr_par' dir='ltr' id='par_1_1' title="bbox 488 95 1227 141">
     <span class='ocr_line' id='line_1_1' title="bbox 488 95 1227 141; baseline 0.003 -2"><span class='ocrx_word' id='word_1_1' title='bbox 488 95 1119 140; x_wconf 66' lang='grc' dir='ltr'><em>”ΟΔΤΣΣΕ1ΑΣ</em></span> <span class='ocrx_word' id='word_1_2' title='bbox 1176 99 1227 141; x_wconf 88' lang='grc' dir='ltr'><em>Τ.</em></span> 
     </span>
    </p>
   </div>
   <div class='ocr_carea' id='block_1_2' title="bbox 1633 100 1717 140">
    <p class='ocr_par' dir='ltr' id='par_1_2' title="bbox 1633 100 1717 140">
     <span class='ocr_line' id='line_1_2' title="bbox 1633 100 1717 140; baseline -0.012 0"><span class='ocrx_word' id='word_1_3' title='bbox 1633 100 1717 140; x_wconf 75' lang='lat'><em>103</em></span> 
     </span>
    </p>
   </div>
   <div class='ocr_carea' id='block_1_3' title="bbox 101 205 1368 323">
    <p class='ocr_par' dir='ltr' id='par_1_3' title="bbox 101 205 1356 323">
     <span class='ocr_line' id='line_1_3' title="bbox 220 205 1189 264; baseline 0.001 -14"><span class='ocrx_word' id='word_1_4' title='bbox 220 206 360 251; x_wconf 71' lang='grc' dir='ltr'><em>καλόν</em></span> <span class='ocrx_word' id='word_1_5' title='bbox 387 205 644 263; x_wconf 80' lang='grc' dir='ltr'><em>οἷείδῃσιν,’</em></span> <span class='ocrx_word' id='word_1_6' title='bbox 629 207 761 260; x_wconf 86' lang='grc' dir='ltr'><em>εἀρος</em></span> <span class='ocrx_word' id='word_1_7' title='bbox 788 206 894 251; x_wconf 82' lang='grc' dir='ltr'><em>νέον</em></span> <span class='ocrx_word' id='word_1_8' title='bbox 927 207 1189 264; x_wconf 78' lang='grc' dir='ltr'><em>ἱσταμένοιο,</em></span> 
     </span>
     <span class='ocr_line' id='line_1_4' title="bbox 101 262 1368 323; baseline 0 -14"><span class='ocrx_word' id='word_1_9' title='bbox 101 266 189 310; x_wconf 80' lang='lat'><em>520</em></span> <span class='ocrx_word' id='word_1_10' title='bbox 219 262 439 320; x_wconf 79' lang='grc' dir='ltr'><em>δενδρέων</em></span> <span class='ocrx_word' id='word_1_11' title='bbox 467 264 516 308; x_wconf 81' lang='grc' dir='ltr'><em>ἐν</em></span> <span class='ocrx_word' id='word_1_12' title='bbox 543 263 772 308; x_wconf 79' lang='grc' dir='ltr'><em>πετάλοισι</em></span> <span class='ocrx_word' id='word_1_13' title='bbox 803 265 1074 323; x_wconf 80' lang='grc' dir='ltr'><em>καθεζομένη</em></span> <span class='ocrx_word' id='word_1_14' title='bbox 1102 268 1368 310; x_wconf 84' lang='grc' dir='ltr'><em>πυκινοῖσιν.</em></span> 
     </span>
    </p>
   </div>
   <div class='ocr_carea' id='block_1_4' title="bbox 0 377 858 2937">
    <p class='ocr_par' dir='ltr' id='par_1_4' title="bbox 41 377 858 1072">
     <span class='ocr_line' id='line_1_5' title="bbox 47 377 854 436; baseline 0.005 -24"><span class='ocrx_word' id='word_1_15' title='bbox 47 377 134 414; x_wconf 83' lang='lat' dir='ltr'><strong>Met.</strong></span> <span class='ocrx_word' id='word_1_16' title='bbox 164 380 205 421; x_wconf 87' lang='grc'><em>6,</em></span> <span class='ocrx_word' id='word_1_17' title='bbox 238 377 307 414; x_wconf 84' lang='grc'><em>455</em></span> <span class='ocrx_word' id='word_1_18' title='bbox 341 377 465 435; x_wconf 83' lang='lat' dir='ltr'>seqq.)</span> <span class='ocrx_word' id='word_1_19' title='bbox 507 379 794 436; x_wconf 77' lang='grc' dir='ltr'><em>μεταχειρίζεται</em></span> <span class='ocrx_word' id='word_1_20' title='bbox 834 377 854 416; x_wconf 82' lang='grc' dir='ltr'><em>ὅ</em></span> 
     </span>
     <span class='ocr_line' id='line_1_6' title="bbox 44 423 857 480; baseline 0.004 -23"><span class='ocrx_word' id='word_1_21' title='bbox 44 423 214 480; x_wconf 86' lang='grc' dir='ltr'><em>ποιητής.</em></span> <span class='ocrx_word' id='word_1_22' title='bbox 255 423 344 459; x_wconf 83' lang='grc' dir='ltr'><em>οὔτε</em></span> <span class='ocrx_word' id='word_1_23' title='bbox 375 424 445 470; x_wconf 71' lang='grc' dir='ltr'><em>γὰρ</em></span> <span class='ocrx_word' id='word_1_24' title='bbox 470 426 686 466; x_wconf 87' lang='grc' dir='ltr'><em>Πανδίονος</em></span> <span class='ocrx_word' id='word_1_25' title='bbox 719 423 857 469; x_wconf 80' lang='grc' dir='ltr'><em>ὁμοίως</em></span> 
     </span>
     <span class='ocr_line' id='line_1_7' title="bbox 46 467 856 528; baseline 0.005 -24"><span class='ocrx_word' id='word_1_26' title='bbox 46 467 177 511; x_wconf 75' lang='grc' dir='ltr'><em>αὐτοῖς</em></span> <span class='ocrx_word' id='word_1_27' title='bbox 201 469 403 528; x_wconf 76' lang='grc' dir='ltr'><em>μέμνηται,</em></span> <span class='ocrx_word' id='word_1_28' title='bbox 436 471 471 505; x_wconf 86' lang='grc' dir='ltr'><em>εἰ</em></span> <span class='ocrx_word' id='word_1_29' title='bbox 490 470 541 526; x_wconf 85' lang='grc' dir='ltr'><em>μή</em></span> <span class='ocrx_word' id='word_1_30' title='bbox 568 470 645 517; x_wconf 76' lang='grc' dir='ltr'><em>ἄρα</em></span> <span class='ocrx_word' id='word_1_31' title='bbox 669 473 856 516; x_wconf 81' lang='grc' dir='ltr'><em>διώνυμος</em></span> 
     </span>
     <span class='ocr_line' id='line_1_8' title="bbox 45 512 857 561; baseline 0.005 -11"><span class='ocrx_word' id='word_1_32' title='bbox 45 513 186 556; x_wconf 78' lang='grc' dir='ltr'><em>ἐκεῖνος</em></span> <span class='ocrx_word' id='word_1_33' title='bbox 207 512 276 561; x_wconf 82' lang='grc' dir='ltr'><em>ἦν,</em></span> <span class='ocrx_word' id='word_1_34' title='bbox 311 516 531 560; x_wconf 78' lang='grc' dir='ltr'><em>Πανδάρεός</em></span> <span class='ocrx_word' id='word_1_35' title='bbox 562 531 602 553; x_wconf 90' lang='grc' dir='ltr'><em>τε</em></span> <span class='ocrx_word' id='word_1_36' title='bbox 626 519 689 554; x_wconf 83' lang='grc' dir='ltr'><em>καὶ</em></span> <span class='ocrx_word' id='word_1_37' title='bbox 712 520 857 554; x_wconf 87' lang='grc' dir='ltr'><em>Πανδί-</em></span> 
     </span>
     <span class='ocr_line' id='line_1_9' title="bbox 47 562 856 621; baseline 0.005 -24"><span class='ocrx_word' id='word_1_38' title='bbox 47 575 100 597; x_wconf 83' lang='grc' dir='ltr'><em>ων</em></span> <span class='ocrx_word' id='word_1_39' title='bbox 132 563 378 619; x_wconf 59' lang='grc' dir='ltr'><em>καλούμενος,</em></span> <span class='ocrx_word' id='word_1_40' title='bbox 415 563 500 599; x_wconf 88' lang='grc' dir='ltr'><em>ουτε</em></span> <span class='ocrx_word' id='word_1_41' title='bbox 531 562 728 621; x_wconf 84' lang='grc' dir='ltr'><em>Πρόκνης,</em></span> <span class='ocrx_word' id='word_1_42' title='bbox 769 564 856 601; x_wconf 80' lang='grc' dir='ltr'><em>οὕτε</em></span> 
     </span>
     <span class='ocr_line' id='line_1_10' title="bbox 50 609 858 667; baseline 0.006 -25"><span class='ocrx_word' id='word_1_43' title='bbox 50 609 218 666; x_wconf 78' lang='grc' dir='ltr'><strong><em>Τηρέως,</em></strong></span> <span class='ocrx_word' id='word_1_44' title='bbox 251 610 316 646; x_wconf 82' lang='grc' dir='ltr'><em>καὶ</em></span> <span class='ocrx_word' id='word_1_45' title='bbox 338 609 405 645; x_wconf 89' lang='grc' dir='ltr'><em>τὸν</em></span> <span class='ocrx_word' id='word_1_46' title='bbox 438 623 542 667; x_wconf 83' lang='grc' dir='ltr'><em>παρα</em></span> <span class='ocrx_word' id='word_1_47' title='bbox 563 615 642 652; x_wconf 85' lang='grc' dir='ltr'><em>τοῖς</em></span> <span class='ocrx_word' id='word_1_48' title='bbox 664 611 858 657; x_wconf 75' lang='grc' dir='ltr'><em>νεωτέροις</em></span> 
     </span>
     <span class='ocr_line' id='line_1_11' title="bbox 47 653 856 715; baseline 0.004 -25"><span class='ocrx_word' id='word_1_49' title='bbox 47 653 88 690; x_wconf 76' lang='grc' dir='ltr'><em>δὲ</em></span> <span class='ocrx_word' id='word_1_50' title='bbox 113 654 213 691; x_wconf 85' lang='grc' dir='ltr'><em>Ἴτυν</em></span> <span class='ocrx_word' id='word_1_51' title='bbox 234 655 379 691; x_wconf 78' lang='grc' dir='ltr'><em>Ἴτυλον</em></span> <span class='ocrx_word' id='word_1_52' title='bbox 409 654 525 715; x_wconf 55' lang='grc' dir='ltr'><em>αῇτός</em></span> <span class='ocrx_word' id='word_1_53' title='bbox 555 658 661 702; x_wconf 85' lang='grc' dir='ltr'><em>λέγει.</em></span> <span class='ocrx_word' id='word_1_54' title='bbox 708 678 752 684; x_wconf 92' lang='grc'><em>--</em></span> <span class='ocrx_word' id='word_1_55' title='bbox 793 659 856 693; x_wconf 81' lang='grc' dir='ltr'><em>καὶ</em></span> 
     </span>
     <span class='ocr_line' id='line_1_12' title="bbox 45 699 856 749; baseline 0.002 -12"><span class='ocrx_word' id='word_1_56' title='bbox 45 699 145 737; x_wconf 74' lang='grc' dir='ltr'><em>οὕτω</em></span> <span class='ocrx_word' id='word_1_57' title='bbox 177 701 244 746; x_wconf 74' lang='grc' dir='ltr'><em>μὲν</em></span> <span class='ocrx_word' id='word_1_58' title='bbox 278 703 316 738; x_wconf 79' lang='grc' dir='ltr'><em>οὶ</em></span> <span class='ocrx_word' id='word_1_59' title='bbox 350 704 518 739; x_wconf 80' lang='grc' dir='ltr'><em>τοιοῦτοί</em></span> <span class='ocrx_word' id='word_1_60' title='bbox 552 716 666 749; x_wconf 90' lang='grc' dir='ltr'><em>φασι,</em></span> <span class='ocrx_word' id='word_1_61' title='bbox 703 708 784 744; x_wconf 85' lang='grc' dir='ltr'><em>τοῖς</em></span> <span class='ocrx_word' id='word_1_62' title='bbox 815 703 856 739; x_wconf 77' lang='grc' dir='ltr'><em>δὲ</em></span> 
     </span>
     <span class='ocr_line' id='line_1_13' title="bbox 45 748 856 805; baseline 0.002 -23"><span class='ocrx_word' id='word_1_63' title='bbox 45 749 126 791; x_wconf 83' lang='grc' dir='ltr'><em>περὶ</em></span> <span class='ocrx_word' id='word_1_64' title='bbox 152 748 218 785; x_wconf 92' lang='grc' dir='ltr'><em>τὸν</em></span> <span class='ocrx_word' id='word_1_65' title='bbox 241 748 404 805; x_wconf 85' lang='grc' dir='ltr'><em>ποιητὴν</em></span> <span class='ocrx_word' id='word_1_66' title='bbox 428 749 573 793; x_wconf 69' lang='grc' dir='ltr'><em>ἑτεροῖα</em></span> <span class='ocrx_word' id='word_1_67' title='bbox 597 752 710 787; x_wconf 86' lang='grc' dir='ltr'><em>δοκεῖ.</em></span> <span class='ocrx_word' id='word_1_68' title='bbox 753 753 856 785; x_wconf 90' lang='grc' dir='ltr'><em>Παν-</em></span> 
     </span>
     <span class='ocr_line' id='line_1_14' title="bbox 44 790 855 852; baseline 0.001 -22"><span class='ocrx_word' id='word_1_69' title='bbox 44 794 203 850; x_wconf 77' lang='grc' dir='ltr'><em>δαρέου,</em></span> <span class='ocrx_word' id='word_1_70' title='bbox 237 790 265 841; x_wconf 77' lang='grc' dir='ltr'><em>ᾧ</em></span> <span class='ocrx_word' id='word_1_71' title='bbox 297 809 418 840; x_wconf 85' lang='grc' dir='ltr'><em>πατηρ</em></span> <span class='ocrx_word' id='word_1_72' title='bbox 441 798 579 852; x_wconf 82' lang='grc' dir='ltr'><em>Μέροψ</em></span> <span class='ocrx_word' id='word_1_73' title='bbox 615 795 635 832; x_wconf 86' lang='lat'><em>6</em></span> <span class='ocrx_word' id='word_1_74' title='bbox 662 795 855 841; x_wconf 71' lang='grc' dir='ltr'><em>ΙῑΙιλήσιος,</em></span> 
     </span>
     <span class='ocr_line' id='line_1_15' title="bbox 42 842 854 902; baseline 0.001 -26"><span class='ocrx_word' id='word_1_75' title='bbox 42 854 184 886; x_wconf 73' lang='grc' dir='ltr'><em>κουρας</em></span> <span class='ocrx_word' id='word_1_76' title='bbox 221 844 346 878; x_wconf 83' lang='grc' dir='ltr'><em>οἱδασι</em></span> <span class='ocrx_word' id='word_1_77' title='bbox 378 842 580 899; x_wconf 79' lang='grc' dir='ltr'><em>Μερόπην,</em></span> <span class='ocrx_word' id='word_1_78' title='bbox 620 842 854 902; x_wconf 74' lang='grc' dir='ltr'><em>Κλεοθήραν,</em></span> 
     </span>
     <span class='ocr_line' id='line_1_16' title="bbox 43 885 855 947; baseline 0 -25"><span class='ocrx_word' id='word_1_79' title='bbox 43 888 106 923; x_wconf 77' lang='grc' dir='ltr'><em>καὶ</em></span> <span class='ocrx_word' id='word_1_80' title='bbox 130 887 298 932; x_wconf 85' lang='grc' dir='ltr'><em>Ἀηδόνα.</em></span> <span class='ocrx_word' id='word_1_81' title='bbox 321 890 463 924; x_wconf 86' lang='grc' dir='ltr'><em>τούτων</em></span> <span class='ocrx_word' id='word_1_82' title='bbox 487 885 510 934; x_wconf 79' lang='grc' dir='ltr'><em>ἦ</em></span> <span class='ocrx_word' id='word_1_83' title='bbox 533 888 765 947; x_wconf 76' lang='grc' dir='ltr'><em>πρεσβυτάτη</em></span> <span class='ocrx_word' id='word_1_84' title='bbox 779 890 855 933; x_wconf 72' lang='lat' dir='ltr'><em>&#39;An-</em></span> 
     </span>
     <span class='ocr_line' id='line_1_17' title="bbox 44 934 854 993; baseline -0.001 -23"><span class='ocrx_word' id='word_1_85' title='bbox 44 934 122 970; x_wconf 81' lang='grc' dir='ltr'><em>διόν</em></span> <span class='ocrx_word' id='word_1_86' title='bbox 147 937 261 981; x_wconf 80' lang='grc' dir='ltr'><em>Ζήθῳ</em></span> <span class='ocrx_word' id='word_1_87' title='bbox 286 937 336 980; x_wconf 83' lang='grc' dir='ltr'><em>τῷ</em></span> <span class='ocrx_word' id='word_1_88' title='bbox 354 934 553 979; x_wconf 82' lang='grc' dir='ltr'><em>Ἀμφίονος</em></span> <span class='ocrx_word' id='word_1_89' title='bbox 575 935 764 993; x_wconf 72' lang='grc' dir='ltr'><em>ἆδελφῷ,</em></span> <span class='ocrx_word' id='word_1_90' title='bbox 777 949 854 976; x_wconf 86' lang='grc' dir='ltr'><em>φα-</em></span> 
     </span>
     <span class='ocr_line' id='line_1_18' title="bbox 42 979 854 1026; baseline 0 -10"><span class='ocrx_word' id='word_1_91' title='bbox 42 981 90 1023; x_wconf 84' lang='grc' dir='ltr'><em>σὶ,</em></span> <span class='ocrx_word' id='word_1_92' title='bbox 113 985 359 1026; x_wconf 78' lang='grc' dir='ltr'><em>γαμηθεῖσα</em></span> <span class='ocrx_word' id='word_1_93' title='bbox 349 981 449 1024; x_wconf 78' lang='grc' dir='ltr'><em>ε’σχεν</em></span> <span class='ocrx_word' id='word_1_94' title='bbox 472 980 600 1015; x_wconf 74' lang='grc' dir='ltr'><em>νὶόν“”</em></span> <span class='ocrx_word' id='word_1_95' title='bbox 585 980 651 1016; x_wconf 86' lang='grc' dir='ltr'><em>ε’να</em></span> <span class='ocrx_word' id='word_1_96' title='bbox 674 981 740 1016; x_wconf 85' lang='grc' dir='ltr'><em>τὸν</em></span> <span class='ocrx_word' id='word_1_97' title='bbox 755 979 854 1016; x_wconf 87' lang='grc' dir='ltr'><em>’Ίτυ-</em></span> 
     </span>
     <span class='ocr_line' id='line_1_19' title="bbox 41 1025 851 1073; baseline 0 -11"><span class='ocrx_word' id='word_1_98' title='bbox 41 1030 118 1062; x_wconf 79' lang='grc' dir='ltr'><em>λον.</em></span> <span class='ocrx_word' id='word_1_99' title='bbox 159 1028 363 1071; x_wconf 78' lang='grc' dir='ltr'><em>φθονοῦσα</em></span> <span class='ocrx_word' id='word_1_100' title='bbox 387 1026 428 1062; x_wconf 85' lang='grc' dir='ltr'><em>δε</em></span> <span class='ocrx_word' id='word_1_101' title='bbox 452 1028 497 1073; x_wconf 83' lang='grc' dir='ltr'><em>τῇ</em></span> <span class='ocrx_word' id='word_1_102' title='bbox 520 1028 590 1062; x_wconf 84' lang='grc' dir='ltr'><em>τοῦ</em></span> <span class='ocrx_word' id='word_1_103' title='bbox 614 1025 748 1070; x_wconf 85' lang='grc' dir='ltr'><em>δαερος</em></span> <span class='ocrx_word' id='word_1_104' title='bbox 766 1026 851 1071; x_wconf 75' lang='lat' dir='ltr'><em>&#39;Aa--</em></span> 
     </span>
    </p>

    <p class='ocr_par' dir='ltr' id='par_1_5' title="bbox 0 1072 854 1911">
     <span class='ocr_line' id='line_1_20' title="bbox 41 1072 850 1119; baseline 0 -11"><span class='ocrx_word' id='word_1_105' title='bbox 41 1074 173 1117; x_wconf 85' lang='grc' dir='ltr'><em>φίονος</em></span> <span class='ocrx_word' id='word_1_106' title='bbox 205 1076 450 1117; x_wconf 82' lang='grc' dir='ltr'><em>πολυτεκνία,</em></span> <span class='ocrx_word' id='word_1_107' title='bbox 486 1073 612 1117; x_wconf 83' lang='grc' dir='ltr'><em>συχνοὶ</em></span> <span class='ocrx_word' id='word_1_108' title='bbox 644 1074 715 1118; x_wconf 75' lang='grc' dir='ltr'><em>γὰρ</em></span> <span class='ocrx_word' id='word_1_109' title='bbox 747 1072 850 1119; x_wconf 73' lang='grc' dir='ltr'><em>αὐτῷ</em></span> 
     </span>
     <span class='ocr_line' id='line_1_21' title="bbox 39 1120 853 1179; baseline -0.001 -23"><span class='ocrx_word' id='word_1_110' title='bbox 39 1120 205 1179; x_wconf 76' lang='grc' dir='ltr'><em>ἐγίνοντο</em></span> <span class='ocrx_word' id='word_1_111' title='bbox 230 1121 361 1160; x_wconf 86' lang='grc' dir='ltr'><em>παῖδες</em></span> <span class='ocrx_word' id='word_1_112' title='bbox 386 1120 423 1156; x_wconf 78' lang='grc' dir='ltr'><em>ἐκ</em></span> <span class='ocrx_word' id='word_1_113' title='bbox 449 1120 593 1179; x_wconf 75' lang='grc' dir='ltr'><em>Νιόβης</em></span> <span class='ocrx_word' id='word_1_114' title='bbox 618 1124 684 1178; x_wconf 86' lang='grc' dir='ltr'><em>τῆς</em></span> <span class='ocrx_word' id='word_1_115' title='bbox 707 1121 853 1157; x_wconf 80' lang='grc' dir='ltr'><em>Ταντά-</em></span> 
     </span>
     <span class='ocr_line' id='line_1_22' title="bbox 41 1164 852 1212; baseline 0 -9"><span class='ocrx_word' id='word_1_116' title='bbox 41 1169 128 1208; x_wconf 88' lang='grc' dir='ltr'><em>λου,</em></span> <span class='ocrx_word' id='word_1_117' title='bbox 162 1164 186 1209; x_wconf 75' lang='grc' dir='ltr'><em>ἢ</em></span> <span class='ocrx_word' id='word_1_118' title='bbox 206 1165 514 1212; x_wconf 79' lang='grc' dir='ltr'><em>Ιππομεδούσης,</em></span> <span class='ocrx_word' id='word_1_119' title='bbox 551 1167 632 1202; x_wconf 78' lang='grc' dir='ltr'><em>ἐπεὶ</em></span> <span class='ocrx_word' id='word_1_120' title='bbox 666 1166 763 1211; x_wconf 81' lang='grc' dir='ltr'><em>ειόρα</em></span> <span class='ocrx_word' id='word_1_121' title='bbox 786 1167 852 1203; x_wconf 86' lang='grc' dir='ltr'><em>τὸν</em></span> 
     </span>
     <span class='ocr_line' id='line_1_23' title="bbox 41 1211 852 1258; baseline 0.002 -10"><span class='ocrx_word' id='word_1_122' title='bbox 41 1213 130 1249; x_wconf 80' lang='grc' dir='ltr'><em>υἱόν</em></span> <span class='ocrx_word' id='word_1_123' title='bbox 142 1211 286 1249; x_wconf 80' lang='grc' dir='ltr'><em>Ἴτυλον</em></span> <span class='ocrx_word' id='word_1_124' title='bbox 311 1213 576 1258; x_wconf 82' lang='grc' dir='ltr'><em>σνναθύροντα</em></span> <span class='ocrx_word' id='word_1_125' title='bbox 598 1213 765 1255; x_wconf 79' lang='grc' dir='ltr'><em>ἐκείνοις,</em></span> <span class='ocrx_word' id='word_1_126' title='bbox 788 1216 852 1250; x_wconf 80' lang='grc' dir='ltr'><em>καί</em></span> 
     </span>
     <span class='ocr_line' id='line_1_24' title="bbox 39 1259 854 1306; baseline 0.002 -12"><span class='ocrx_word' id='word_1_127' title='bbox 39 1272 129 1295; x_wconf 84' lang='grc' dir='ltr'><em>ποτε</em></span> <span class='ocrx_word' id='word_1_128' title='bbox 143 1261 204 1297; x_wconf 86' lang='grc' dir='ltr'><em>καὶ</em></span> <span class='ocrx_word' id='word_1_129' title='bbox 223 1260 595 1305; x_wconf 84' lang='grc' dir='ltr'><em>συνανακλινόμενον,</em></span> <span class='ocrx_word' id='word_1_130' title='bbox 615 1259 854 1306; x_wconf 79' lang='grc' dir='ltr'><em>παραγγέλλει</em></span> 
     </span>
     <span class='ocr_line' id='line_1_25' title="bbox 41 1306 853 1364; baseline 0.002 -22"><span class='ocrx_word' id='word_1_131' title='bbox 41 1320 138 1342; x_wconf 79' lang='grc' dir='ltr'><em>κατα</em></span> <span class='ocrx_word' id='word_1_132' title='bbox 149 1306 295 1364; x_wconf 75' lang='grc' dir='ltr'><em>καιρὸν</em></span> <span class='ocrx_word' id='word_1_133' title='bbox 327 1309 380 1355; x_wconf 78' lang='grc' dir='ltr'><em>τῷ</em></span> <span class='ocrx_word' id='word_1_134' title='bbox 404 1308 511 1343; x_wconf 84' lang='grc' dir='ltr'><em>παιδὶ</em></span> <span class='ocrx_word' id='word_1_135' title='bbox 544 1309 624 1356; x_wconf 80' lang='grc' dir='ltr'><em>ἰδίᾳ</em></span> <span class='ocrx_word' id='word_1_136' title='bbox 647 1310 834 1353; x_wconf 78' lang='grc' dir='ltr'><em>κοιτασθῆ</em></span> <span class='ocrx_word' id='word_1_137' title='bbox 835 1328 853 1334; x_wconf 91' lang='grc'>-</span> 
     </span>
     <span class='ocr_line' id='line_1_26' title="bbox 42 1346 851 1413; baseline 0.002 -25"><span class='ocrx_word' id='word_1_138' title='bbox 42 1366 118 1392; x_wconf 90' lang='grc' dir='ltr'><em>ναι,</em></span> <span class='ocrx_word' id='word_1_139' title='bbox 142 1349 167 1397; x_wconf 78' lang='grc' dir='ltr'><em>ἢ</em></span> <span class='ocrx_word' id='word_1_140' title='bbox 191 1353 286 1390; x_wconf 80' lang='grc' dir='ltr'><em>κατα</em></span> <span class='ocrx_word' id='word_1_141' title='bbox 308 1368 411 1395; x_wconf 86' lang='grc' dir='ltr'><em>τινας</em></span> <span class='ocrx_word' id='word_1_142' title='bbox 435 1356 548 1398; x_wconf 83' lang='lat' dir='ltr'><strong>(velut</strong></span> <span class='ocrx_word' id='word_1_143' title='bbox 571 1346 690 1412; x_wconf 81' lang='lat' dir='ltr'><strong>sch.)</strong></span> <span class='ocrx_word' id='word_1_144' title='bbox 692 1355 777 1413; x_wconf 56' lang='grc' dir='ltr'><em>τήν,</em></span> <span class='ocrx_word' id='word_1_145' title='bbox 792 1354 851 1390; x_wconf 79' lang='grc' dir='ltr'><em>έν-</em></span> 
     </span>
     <span class='ocr_line' id='line_1_27' title="bbox 39 1398 851 1457; baseline 0.001 -21"><span class='ocrx_word' id='word_1_146' title='bbox 39 1401 178 1443; x_wconf 83' lang='grc' dir='ltr'><em>δοτέρω</em></span> <span class='ocrx_word' id='word_1_147' title='bbox 222 1403 349 1457; x_wconf 82' lang='grc' dir='ltr'><em>κοίτην</em></span> <span class='ocrx_word' id='word_1_148' title='bbox 377 1400 547 1442; x_wconf 73' lang='grc' dir='ltr'><em>ἑλέσθαι,</em></span> <span class='ocrx_word' id='word_1_149' title='bbox 589 1398 640 1442; x_wconf 82' lang='grc' dir='ltr'><em>ὦς</em></span> <span class='ocrx_word' id='word_1_150' title='bbox 675 1399 723 1437; x_wconf 70' lang='grc' dir='ltr'><em>ἂν</em></span> <span class='ocrx_word' id='word_1_151' title='bbox 756 1400 851 1445; x_wconf 76' lang='grc' dir='ltr'><em>ἀωρὶ</em></span> 
     </span>
     <span class='ocr_line' id='line_1_28' title="bbox 41 1445 852 1504; baseline 0.001 -22"><span class='ocrx_word' id='word_1_152' title='bbox 41 1445 176 1488; x_wconf 82' lang='grc' dir='ltr'><em>νυκτὸς</em></span> <span class='ocrx_word' id='word_1_153' title='bbox 218 1445 314 1490; x_wconf 76' lang='grc' dir='ltr'><em>αὕτη</em></span> <span class='ocrx_word' id='word_1_154' title='bbox 351 1447 564 1483; x_wconf 78' lang='grc' dir='ltr'><em>ἐπελθοῦσα</em></span> <span class='ocrx_word' id='word_1_155' title='bbox 602 1447 669 1483; x_wconf 85' lang='grc' dir='ltr'><em>τὸν</em></span> <span class='ocrx_word' id='word_1_156' title='bbox 700 1450 852 1504; x_wconf 78' lang='grc' dir='ltr'><em>πρῶτον</em></span> 
     </span>
     <span class='ocr_line' id='line_1_29' title="bbox 43 1491 850 1551; baseline 0.002 -23"><span class='ocrx_word' id='word_1_157' title='bbox 43 1491 242 1551; x_wconf 71' lang='grc' dir='ltr'><em>ἄποσφάξῃ</em></span> <span class='ocrx_word' id='word_1_158' title='bbox 264 1496 339 1529; x_wconf 78' lang='grc' dir='ltr'><em>τῶν</em></span> <span class='ocrx_word' id='word_1_159' title='bbox 353 1494 548 1538; x_wconf 80' lang='grc' dir='ltr'><em>Ἀμφίοιος</em></span> <span class='ocrx_word' id='word_1_160' title='bbox 569 1496 728 1529; x_wconf 85' lang='grc' dir='ltr'><em>παίδων.</em></span> <span class='ocrx_word' id='word_1_161' title='bbox 763 1491 782 1530; x_wconf 87' lang='lat'><em>6</em></span> <span class='ocrx_word' id='word_1_162' title='bbox 810 1493 850 1530; x_wconf 79' lang='grc' dir='ltr'><em>δὲ</em></span> 
     </span>
     <span class='ocr_line' id='line_1_30' title="bbox 42 1536 852 1598; baseline 0.005 -25"><span class='ocrx_word' id='word_1_163' title='bbox 42 1552 88 1597; x_wconf 90' lang='grc' dir='ltr'><em>ην</em></span> <span class='ocrx_word' id='word_1_164' title='bbox 113 1536 133 1576; x_wconf 86' lang='lat'><em>6</em></span> <span class='ocrx_word' id='word_1_165' title='bbox 155 1539 332 1598; x_wconf 80' lang='grc' dir='ltr'><em>Ἀμαλεύς.</em></span> <span class='ocrx_word' id='word_1_166' title='bbox 373 1543 442 1576; x_wconf 86' lang='grc' dir='ltr'><em>τοῦ</em></span> <span class='ocrx_word' id='word_1_167' title='bbox 467 1541 507 1576; x_wconf 80' lang='grc' dir='ltr'><em>δὲ</em></span> <span class='ocrx_word' id='word_1_168' title='bbox 530 1539 670 1576; x_wconf 81' lang='grc' dir='ltr'><em>Ἰτύλου</em></span> <span class='ocrx_word' id='word_1_169' title='bbox 693 1539 852 1577; x_wconf 81' lang='grc' dir='ltr'><em>ἐκλαθο-</em></span> 
     </span>
     <span class='ocr_line' id='line_1_31' title="bbox 37 1583 852 1632; baseline 0 -10"><span class='ocrx_word' id='word_1_170' title='bbox 37 1585 173 1631; x_wconf 85' lang='grc' dir='ltr'><em>μένου,</em></span> <span class='ocrx_word' id='word_1_171' title='bbox 197 1583 224 1632; x_wconf 78' lang='grc' dir='ltr'><em>ἢ</em></span> <span class='ocrx_word' id='word_1_172' title='bbox 246 1585 366 1627; x_wconf 86' lang='grc' dir='ltr'><em>αλλως</em></span> <span class='ocrx_word' id='word_1_173' title='bbox 386 1587 437 1632; x_wconf 84' lang='grc' dir='ltr'><em>μὴ</em></span> <span class='ocrx_word' id='word_1_174' title='bbox 460 1586 763 1630; x_wconf 84' lang='grc' dir='ltr'><em>υπακούσοιντος,</em></span> <span class='ocrx_word' id='word_1_175' title='bbox 790 1587 852 1624; x_wconf 81' lang='grc' dir='ltr'><em>έπ-</em></span> 
     </span>
     <span class='ocr_line' id='line_1_32' title="bbox 16 1631 850 1689; baseline 0.001 -20"><span class='ocrx_word' id='word_1_176' title='bbox 16 1672 19 1674; x_wconf 54' lang='lat'><strong>,</strong></span> <span class='ocrx_word' id='word_1_177' title='bbox 40 1632 270 1689; x_wconf 82' lang='grc' dir='ltr'><em>εισφρήσασα</em></span> <span class='ocrx_word' id='word_1_178' title='bbox 324 1634 458 1672; x_wconf 70' lang='grc' dir='ltr'><em>νυκτός</em></span> <span class='ocrx_word' id='word_1_179' title='bbox 504 1631 527 1679; x_wconf 82' lang='grc' dir='ltr'><em>ἡ</em></span> <span class='ocrx_word' id='word_1_180' title='bbox 565 1633 700 1679; x_wconf 77' lang='grc' dir='ltr'><em>Ἀηδών</em></span> <span class='ocrx_word' id='word_1_181' title='bbox 751 1633 850 1670; x_wconf 62' lang='lat' dir='ltr'><strong><em>oino-</em></strong></span> 
     </span>
     <span class='ocr_line' id='line_1_33' title="bbox 39 1678 852 1725; baseline 0 -9"><span class='ocrx_word' id='word_1_182' title='bbox 39 1681 193 1725; x_wconf 77' lang='grc' dir='ltr'><em>σφάττει</em></span> <span class='ocrx_word' id='word_1_183' title='bbox 217 1678 284 1714; x_wconf 77' lang='grc' dir='ltr'><em>τόν</em></span> <span class='ocrx_word' id='word_1_184' title='bbox 307 1683 424 1716; x_wconf 85' lang='grc' dir='ltr'><em>παῖδα</em></span> <span class='ocrx_word' id='word_1_185' title='bbox 440 1680 605 1723; x_wconf 80' lang='grc' dir='ltr'><em>Ἴτυλον,</em></span> <span class='ocrx_word' id='word_1_186' title='bbox 640 1683 692 1721; x_wconf 84' lang='grc' dir='ltr'><em>εἰς</em></span> <span class='ocrx_word' id='word_1_187' title='bbox 714 1682 779 1716; x_wconf 88' lang='grc' dir='ltr'><em>τὸν</em></span> <span class='ocrx_word' id='word_1_188' title='bbox 803 1680 852 1716; x_wconf 88' lang='lat' dir='ltr'><em>&#39;A-</em></span> 
     </span>
     <span class='ocr_line' id='line_1_34' title="bbox 37 1725 851 1785; baseline -0.001 -23"><span class='ocrx_word' id='word_1_189' title='bbox 37 1726 178 1785; x_wconf 47' lang='grc' dir='ltr'><em>μαλέα-</em></span> <span class='ocrx_word' id='word_1_190' title='bbox 188 1726 352 1762; x_wconf 74' lang='grc' dir='ltr'><em>δοκοῦσα</em></span> <span class='ocrx_word' id='word_1_191' title='bbox 386 1726 540 1785; x_wconf 76' lang='grc' dir='ltr'><em>βάπτειν</em></span> <span class='ocrx_word' id='word_1_192' title='bbox 572 1728 613 1762; x_wconf 77' lang='grc' dir='ltr'><em>τὰ</em></span> <span class='ocrx_word' id='word_1_193' title='bbox 640 1729 762 1784; x_wconf 43' lang='grc' dir='ltr'><em>ξίφος,</em></span> <span class='ocrx_word' id='word_1_194' title='bbox 799 1725 851 1769; x_wconf 68' lang='grc' dir='ltr'><em>(ἇς</em></span> 
     </span>
     <span class='ocr_line' id='line_1_35' title="bbox 0 1771 850 1830; baseline 0 -22"><span class='ocrx_word' id='word_1_195' title='bbox 0 1774 1 1808; x_wconf 63' lang='grc' dir='ltr'>Ξ</span> <span class='ocrx_word' id='word_1_196' title='bbox 38 1772 81 1809; x_wconf 85' lang='grc' dir='ltr'><em>δε</em></span> <span class='ocrx_word' id='word_1_197' title='bbox 110 1773 181 1809; x_wconf 84' lang='grc' dir='ltr'><em>τοῦ</em></span> <span class='ocrx_word' id='word_1_198' title='bbox 213 1771 366 1818; x_wconf 77' lang='grc' dir='ltr'><em>φθότου</em></span> <span class='ocrx_word' id='word_1_199' title='bbox 401 1774 518 1809; x_wconf 77' lang='grc' dir='ltr'><em>κακόν</em></span> <span class='ocrx_word' id='word_1_200' title='bbox 553 1771 652 1809; x_wconf 86' lang='grc' dir='ltr'><em>ου’τω</em></span> <span class='ocrx_word' id='word_1_201' title='bbox 676 1773 850 1830; x_wconf 80' lang='grc' dir='ltr'><em>κατέσκη-</em></span> 
     </span>
     <span class='ocr_line' id='line_1_36' title="bbox 38 1818 849 1878; baseline 0 -23"><span class='ocrx_word' id='word_1_202' title='bbox 38 1827 134 1863; x_wconf 78' lang='grc' dir='ltr'><em>ψεν,</em></span> <span class='ocrx_word' id='word_1_203' title='bbox 157 1820 209 1860; x_wconf 82' lang='grc' dir='ltr'><em>εἰς</em></span> <span class='ocrx_word' id='word_1_204' title='bbox 231 1819 297 1855; x_wconf 85' lang='grc' dir='ltr'><em>τὸν</em></span> <span class='ocrx_word' id='word_1_205' title='bbox 312 1820 476 1861; x_wconf 81' lang='grc' dir='ltr'><em>”,Ιτυλον</em></span> <span class='ocrx_word' id='word_1_206' title='bbox 501 1833 657 1864; x_wconf 77' lang='grc' dir='ltr'><em>κατοχος</em></span> <span class='ocrx_word' id='word_1_207' title='bbox 669 1818 704 1876; x_wconf 88' lang='grc' dir='ltr'>ἡ</span> <span class='ocrx_word' id='word_1_208' title='bbox 729 1819 849 1878; x_wconf 87' lang='grc' dir='ltr'><em>μήτηρ</em></span> 
     </span>
     <span class='ocr_line' id='line_1_37' title="bbox 37 1865 849 1912; baseline 0 -11"><span class='ocrx_word' id='word_1_209' title='bbox 37 1865 214 1911; x_wconf 74' lang='grc' dir='ltr'><em>γενομένη</em></span> <span class='ocrx_word' id='word_1_210' title='bbox 238 1868 292 1912; x_wconf 79' lang='grc' dir='ltr'><em>τῷ</em></span> <span class='ocrx_word' id='word_1_211' title='bbox 315 1866 443 1902; x_wconf 80' lang='grc' dir='ltr'><em>πένθει</em></span> <span class='ocrx_word' id='word_1_212' title='bbox 468 1868 567 1902; x_wconf 83' lang='grc' dir='ltr'><em>αἰτεῖ</em></span> <span class='ocrx_word' id='word_1_213' title='bbox 582 1865 700 1906; x_wconf 71' lang='grc' dir='ltr'><em>θεοὺς</em></span> <span class='ocrx_word' id='word_1_214' title='bbox 725 1865 762 1909; x_wconf 78' lang='grc' dir='ltr'><em>ἐξ</em></span> <span class='ocrx_word' id='word_1_215' title='bbox 786 1865 849 1901; x_wconf 80' lang='grc' dir='ltr'><em>ἇν-</em></span> 
     </span>
    </p>

    <p class='ocr_par' dir='ltr' id='par_1_6' title="bbox 35 1902 853 2937">
     <span class='ocr_line' id='line_1_38' title="bbox 39 1902 850 1970; baseline 0.001 -22"><span class='ocrx_word' id='word_1_216' title='bbox 39 1902 402 1957; x_wconf 76' lang='grc' dir='ltr'><em>θρώπωνγενέσθαι,</em></span> <span class='ocrx_word' id='word_1_217' title='bbox 422 1927 453 1948; x_wconf 83' lang='grc' dir='ltr'><em>κ.</em></span> <span class='ocrx_word' id='word_1_218' title='bbox 467 1909 661 1970; x_wconf 72' lang='grc' dir='ltr'><em>ἄλλαγεῖσα</em></span> <span class='ocrx_word' id='word_1_219' title='bbox 672 1915 723 1954; x_wconf 82' lang='grc' dir='ltr'><em>εἰς</em></span> <span class='ocrx_word' id='word_1_220' title='bbox 735 1912 850 1958; x_wconf 85' lang='grc' dir='ltr'><em>αηδό-</em></span> 
     </span>
     <span class='ocr_line' id='line_1_39' title="bbox 39 1957 850 2004; baseline 0.002 -11"><span class='ocrx_word' id='word_1_221' title='bbox 39 1973 90 1994; x_wconf 89' lang='grc' dir='ltr'><em>να</em></span> <span class='ocrx_word' id='word_1_222' title='bbox 113 1959 182 2002; x_wconf 82' lang='grc' dir='ltr'><em>τήν</em></span> <span class='ocrx_word' id='word_1_223' title='bbox 203 1959 435 2004; x_wconf 69' lang='grc' dir='ltr'><em>φαινομένην</em></span> <span class='ocrx_word' id='word_1_224' title='bbox 458 1959 500 1995; x_wconf 82' lang='grc' dir='ltr'><em>τὸ</em></span> <span class='ocrx_word' id='word_1_225' title='bbox 521 1960 589 1995; x_wconf 87' lang='grc' dir='ltr'><em>τοῦ</em></span> <span class='ocrx_word' id='word_1_226' title='bbox 605 1957 746 1994; x_wconf 80' lang='grc' dir='ltr'><em>Ἰτύλου</em></span> <span class='ocrx_word' id='word_1_227' title='bbox 763 1959 850 1995; x_wconf 83' lang='grc' dir='ltr'><em>πέν-</em></span> 
     </span>
     <span class='ocr_line' id='line_1_40' title="bbox 37 2003 849 2051; baseline -0.002 -9"><span class='ocrx_word' id='word_1_228' title='bbox 37 2004 147 2045; x_wconf 61' lang='grc' dir='ltr'><em>θόρ’</em></span> <span class='ocrx_word' id='word_1_229' title='bbox 123 2019 223 2049; x_wconf 86' lang='grc' dir='ltr'><em>ομως</em></span> <span class='ocrx_word' id='word_1_230' title='bbox 241 2005 286 2041; x_wconf 82' lang='grc' dir='ltr'><em>οὐ</em></span> <span class='ocrx_word' id='word_1_231' title='bbox 298 2007 528 2051; x_wconf 78' lang='grc' dir='ltr'><em>μετήλλαξεν,</em></span> <span class='ocrx_word' id='word_1_232' title='bbox 550 2003 627 2041; x_wconf 74' lang='grc' dir='ltr'><em>ἀλλ’</em></span> <span class='ocrx_word' id='word_1_233' title='bbox 638 2005 696 2042; x_wconf 81' lang='grc' dir='ltr'><em>ἐπὶ</em></span> <span class='ocrx_word' id='word_1_234' title='bbox 712 2003 753 2041; x_wconf 82' lang='grc' dir='ltr'><em>τό</em></span> <span class='ocrx_word' id='word_1_235' title='bbox 765 2005 849 2041; x_wconf 87' lang='grc' dir='ltr'><em>στό-</em></span> 
     </span>
     <span class='ocr_line' id='line_1_41' title="bbox 36 2050 849 2112; baseline 0 -26"><span class='ocrx_word' id='word_1_236' title='bbox 36 2064 90 2096; x_wconf 90' lang='grc' dir='ltr'><em>μα</em></span> <span class='ocrx_word' id='word_1_237' title='bbox 103 2052 173 2096; x_wconf 74' lang='grc' dir='ltr'><em>ἔχει</em></span> <span class='ocrx_word' id='word_1_238' title='bbox 175 2051 467 2112; x_wconf 76' lang='grc' dir='ltr'><em>αύτονᾷδουσα.</em></span> <span class='ocrx_word' id='word_1_239' title='bbox 481 2052 597 2088; x_wconf 75' lang='grc' dir='ltr'><em>-καὶ</em></span> <span class='ocrx_word' id='word_1_240' title='bbox 612 2050 709 2088; x_wconf 76' lang='grc' dir='ltr'><em>οὕτω</em></span> <span class='ocrx_word' id='word_1_241' title='bbox 725 2066 792 2097; x_wconf 80' lang='grc' dir='ltr'><em>μεν</em></span> <span class='ocrx_word' id='word_1_242' title='bbox 802 2066 849 2086; x_wconf 84' lang='grc' dir='ltr'><em>τα</em></span> 
     </span>
     <span class='ocr_line' id='line_1_42' title="bbox 35 2091 849 2156; baseline -0.002 -21"><span class='ocrx_word' id='word_1_243' title='bbox 35 2099 132 2135; x_wconf 70' lang='grc' dir='ltr'><em>κατὰ</em></span> <span class='ocrx_word' id='word_1_244' title='bbox 142 2097 208 2143; x_wconf 70' lang='grc' dir='ltr'><em>τὴν</em></span> <span class='ocrx_word' id='word_1_245' title='bbox 226 2091 382 2144; x_wconf 44' lang='grc' dir='ltr'><em>αηδόμια</em></span> <span class='ocrx_word' id='word_1_246' title='bbox 409 2113 447 2135; x_wconf 81' lang='grc' dir='ltr'><em>εν</em></span> <span class='ocrx_word' id='word_1_247' title='bbox 458 2097 498 2134; x_wconf 90' lang='grc' dir='ltr'><em>δε</em></span> <span class='ocrx_word' id='word_1_248' title='bbox 514 2101 559 2145; x_wconf 85' lang='grc' dir='ltr'><em>τῇ</em></span> <span class='ocrx_word' id='word_1_249' title='bbox 581 2098 662 2156; x_wconf 77' lang='grc' dir='ltr'><em>ἑξῆς</em></span> <span class='ocrx_word' id='word_1_250' title='bbox 672 2099 849 2147; x_wconf 80' lang='grc' dir='ltr'><em>ραψῳδία</em></span> 
     </span>
     <span class='ocr_line' id='line_1_43' title="bbox 38 2144 850 2200; baseline -0.002 -18"><span class='ocrx_word' id='word_1_251' title='bbox 38 2145 102 2190; x_wconf 82' lang='grc' dir='ltr'><em>(ν’,</em></span> <span class='ocrx_word' id='word_1_252' title='bbox 113 2145 302 2200; x_wconf 81' lang='lat'><em>66—78)</em></span> <span class='ocrx_word' id='word_1_253' title='bbox 282 2161 302 2191; x_wconf 96' lang='grc' dir='ltr'><em>η</em></span> <span class='ocrx_word' id='word_1_254' title='bbox 317 2147 511 2192; x_wconf 84' lang='grc' dir='ltr'><em>Πηνελόπη</em></span> <span class='ocrx_word' id='word_1_255' title='bbox 521 2147 624 2190; x_wconf 85' lang='grc' dir='ltr'><em>λέγει,</em></span> <span class='ocrx_word' id='word_1_256' title='bbox 637 2144 686 2187; x_wconf 78' lang='grc' dir='ltr'><em>(ἇς</em></span> <span class='ocrx_word' id='word_1_257' title='bbox 697 2159 763 2186; x_wconf 88' lang='grc' dir='ltr'><em>τας</em></span> <span class='ocrx_word' id='word_1_258' title='bbox 774 2150 850 2180; x_wconf 82' lang='grc' dir='ltr'><em>λοι-</em></span> 
     </span>
     <span class='ocr_line' id='line_1_44' title="bbox 35 2189 850 2237; baseline -0.001 -10"><span class='ocrx_word' id='word_1_259' title='bbox 35 2205 111 2232; x_wconf 86' lang='grc' dir='ltr'><em>πας</em></span> <span class='ocrx_word' id='word_1_260' title='bbox 134 2189 204 2228; x_wconf 78' lang='grc' dir='ltr'><em>δυο</em></span> <span class='ocrx_word' id='word_1_261' title='bbox 230 2193 453 2237; x_wconf 79' lang='grc' dir='ltr'><em>Πανδαρέου</em></span> <span class='ocrx_word' id='word_1_262' title='bbox 487 2192 644 2236; x_wconf 77' lang='grc' dir='ltr'><em>κούρας,</em></span> <span class='ocrx_word' id='word_1_263' title='bbox 677 2190 850 2235; x_wconf 74' lang='grc' dir='ltr'><em>ὀρφανὰς</em></span> 
     </span>
     <span class='ocr_line' id='line_1_45' title="bbox 37 2237 847 2297; baseline -0.001 -23"><span class='ocrx_word' id='word_1_264' title='bbox 37 2238 175 2275; x_wconf 79' lang='grc' dir='ltr'><em>τοκέων</em></span> <span class='ocrx_word' id='word_1_265' title='bbox 198 2242 429 2297; x_wconf 83' lang='grc' dir='ltr'><em>λειφθείσας,</em></span> <span class='ocrx_word' id='word_1_266' title='bbox 453 2238 623 2282; x_wconf 79' lang='grc' dir='ltr'><em>ἐκόμισεν</em></span> <span class='ocrx_word' id='word_1_267' title='bbox 636 2237 847 2296; x_wconf 83' lang='grc' dir='ltr'><em>Αφροδίτη,</em></span> 
     </span>
     <span class='ocr_line' id='line_1_46' title="bbox 39 2283 849 2343; baseline -0.001 -22"><span class='ocrx_word' id='word_1_268' title='bbox 39 2284 180 2343; x_wconf 83' lang='grc' dir='ltr'><em>ωραίας</em></span> <span class='ocrx_word' id='word_1_269' title='bbox 203 2285 244 2323; x_wconf 71' lang='grc' dir='ltr'><em>δὲ</em></span> <span class='ocrx_word' id='word_1_270' title='bbox 263 2286 386 2333; x_wconf 80' lang='grc' dir='ltr'><em>γάμου</em></span> <span class='ocrx_word' id='word_1_271' title='bbox 403 2286 601 2331; x_wconf 81' lang='grc' dir='ltr'><em>γενομένας</em></span> <span class='ocrx_word' id='word_1_272' title='bbox 622 2283 849 2329; x_wconf 69' lang='grc' dir='ltr'><em>ἀνηρείψαν-</em></span> 
     </span>
     <span class='ocr_line' id='line_1_47' title="bbox 37 2329 850 2388; baseline -0.001 -21"><span class='ocrx_word' id='word_1_273' title='bbox 37 2345 81 2368; x_wconf 90' lang='grc' dir='ltr'><em>το</em></span> <span class='ocrx_word' id='word_1_274' title='bbox 95 2329 289 2388; x_wconf 60' lang='grc' dir='ltr'><em>Ἅρπυιαι,</em></span> <span class='ocrx_word' id='word_1_275' title='bbox 321 2348 353 2369; x_wconf 83' lang='grc' dir='ltr'><em>κ.</em></span> <span class='ocrx_word' id='word_1_276' title='bbox 391 2332 662 2377; x_wconf 83' lang='grc' dir='ltr'><em>παρεδόθησαν</em></span> <span class='ocrx_word' id='word_1_277' title='bbox 683 2330 850 2375; x_wconf 79' lang='grc' dir='ltr'><em>Ἐριννύ-</em></span> 
     </span>
     <span class='ocr_line' id='line_1_48' title="bbox 37 2377 851 2438; baseline 0.001 -25"><span class='ocrx_word' id='word_1_278' title='bbox 37 2390 96 2414; x_wconf 89' lang='grc' dir='ltr'><em>σιν</em></span> <span class='ocrx_word' id='word_1_279' title='bbox 119 2377 398 2438; x_wconf 74' lang='grc' dir='ltr'><em>ἀμφιπολεύειν.</em></span> <span class='ocrx_word' id='word_1_280' title='bbox 422 2379 509 2420; x_wconf 81' lang='grc' dir='ltr'><em>ἴσως</em></span> <span class='ocrx_word' id='word_1_281' title='bbox 531 2378 602 2437; x_wconf 79' lang='grc' dir='ltr'><em>γὰρ</em></span> <span class='ocrx_word' id='word_1_282' title='bbox 624 2382 851 2423; x_wconf 82' lang='grc' dir='ltr'><em>περικαλλεῖς</em></span> 
     </span>
     <span class='ocr_line' id='line_1_49' title="bbox 38 2421 849 2481; baseline -0.002 -20"><span class='ocrx_word' id='word_1_283' title='bbox 38 2439 105 2471; x_wconf 87' lang='grc' dir='ltr'><em>μεν</em></span> <span class='ocrx_word' id='word_1_284' title='bbox 126 2421 247 2469; x_wconf 79' lang='grc' dir='ltr'><em>οὖσαι,</em></span> <span class='ocrx_word' id='word_1_285' title='bbox 271 2424 325 2461; x_wconf 87' lang='grc' dir='ltr'><em>δι’</em></span> <span class='ocrx_word' id='word_1_286' title='bbox 351 2426 540 2470; x_wconf 80' lang='grc' dir='ltr'><em>ὀρφανίαν</em></span> <span class='ocrx_word' id='word_1_287' title='bbox 563 2425 603 2461; x_wconf 80' lang='grc' dir='ltr'><em>δε</em></span> <span class='ocrx_word' id='word_1_288' title='bbox 614 2427 849 2481; x_wconf 81' lang='grc' dir='ltr'><em>δυσπραγοῦ-</em></span> 
     </span>
     <span class='ocr_line' id='line_1_50' title="bbox 39 2469 850 2513; baseline -0.001 -5"><span class='ocrx_word' id='word_1_289' title='bbox 39 2484 124 2512; x_wconf 84' lang='grc' dir='ltr'><em>σαι,</em></span> <span class='ocrx_word' id='word_1_290' title='bbox 159 2473 221 2508; x_wconf 84' lang='grc' dir='ltr'><em>καὶ</em></span> <span class='ocrx_word' id='word_1_291' title='bbox 256 2475 308 2513; x_wconf 86' lang='grc' dir='ltr'><em>εἰς</em></span> <span class='ocrx_word' id='word_1_292' title='bbox 330 2471 587 2508; x_wconf 86' lang='grc' dir='ltr'><em>νποδύσκολον</em></span> <span class='ocrx_word' id='word_1_293' title='bbox 614 2485 647 2506; x_wconf 83' lang='grc' dir='ltr'><em>κ.</em></span> <span class='ocrx_word' id='word_1_294' title='bbox 683 2469 733 2512; x_wconf 80' lang='grc' dir='ltr'><em>ὠς</em></span> <span class='ocrx_word' id='word_1_295' title='bbox 767 2477 850 2507; x_wconf 85' lang='grc' dir='ltr'><em>οἱον</em></span> 
     </span>
     <span class='ocr_line' id='line_1_51' title="bbox 40 2514 850 2576; baseline -0.004 -21"><span class='ocrx_word' id='word_1_296' title='bbox 40 2521 158 2555; x_wconf 77' lang='grc' dir='ltr'><em>εἰπεῖν</em></span> <span class='ocrx_word' id='word_1_297' title='bbox 190 2517 405 2563; x_wconf 77' lang='grc' dir='ltr'><em>ἕριννυῶδες</em></span> <span class='ocrx_word' id='word_1_298' title='bbox 417 2514 535 2576; x_wconf 81' lang='grc' dir='ltr'><em>ἦθος</em></span> <span class='ocrx_word' id='word_1_299' title='bbox 559 2519 850 2565; x_wconf 80' lang='grc' dir='ltr'><em>μεταβληθεῖσαι</em></span> 
     </span>
     <span class='ocr_line' id='line_1_52' title="bbox 39 2563 847 2624; baseline -0.001 -23"><span class='ocrx_word' id='word_1_300' title='bbox 39 2567 88 2612; x_wconf 82' lang='grc' dir='ltr'><em>τῇ</em></span> <span class='ocrx_word' id='word_1_301' title='bbox 110 2563 231 2624; x_wconf 54' lang='lat' dir='ltr'><em>Mum,</em></span> <span class='ocrx_word' id='word_1_302' title='bbox 246 2564 383 2611; x_wconf 77' lang='grc' dir='ltr'><em>ᾤχοντο</em></span> <span class='ocrx_word' id='word_1_303' title='bbox 404 2563 610 2623; x_wconf 61' lang='grc' dir='ltr'><em>ξίνώνυμοι,</em></span> <span class='ocrx_word' id='word_1_304' title='bbox 633 2580 665 2611; x_wconf 70' lang='grc' dir='ltr'><em>π.</em></span> <span class='ocrx_word' id='word_1_305' title='bbox 693 2566 847 2600; x_wconf 84' lang='grc' dir='ltr'><em>διατοῦ-</em></span> 
     </span>
     <span class='ocr_line' id='line_1_53' title="bbox 39 2609 850 2672; baseline -0.006 -24"><span class='ocrx_word' id='word_1_306' title='bbox 39 2625 83 2648; x_wconf 90' lang='grc' dir='ltr'><em>το</em></span> <span class='ocrx_word' id='word_1_307' title='bbox 113 2612 175 2647; x_wconf 75' lang='grc' dir='ltr'><em>καὶ</em></span> <span class='ocrx_word' id='word_1_308' title='bbox 210 2609 358 2655; x_wconf 86' lang='grc' dir='ltr'><em>ανέμοις</em></span> <span class='ocrx_word' id='word_1_309' title='bbox 390 2611 609 2672; x_wconf 79' lang='grc' dir='ltr'><em>απαχθῆναι</em></span> <span class='ocrx_word' id='word_1_310' title='bbox 641 2611 850 2656; x_wconf 76' lang='lat' dir='ltr'><strong>(perperam</strong></span> 
     </span>
     <span class='ocr_line' id='line_1_54' title="bbox 40 2656 851 2702; baseline 0 -10"><span class='ocrx_word' id='word_1_311' title='bbox 40 2659 148 2693; x_wconf 86' lang='lat' dir='ltr'><strong>liber:</strong></span> <span class='ocrx_word' id='word_1_312' title='bbox 181 2656 333 2702; x_wconf 74' lang='grc' dir='ltr'><em>ἐπαχθ.)</em></span> <span class='ocrx_word' id='word_1_313' title='bbox 364 2673 397 2694; x_wconf 82' lang='grc' dir='ltr'><em>κ.</em></span> <span class='ocrx_word' id='word_1_314' title='bbox 416 2658 603 2701; x_wconf 57' lang='lat' dir='ltr'><em>&#39;Epami-m</em></span> <span class='ocrx_word' id='word_1_315' title='bbox 625 2657 851 2701; x_wconf 79' lang='grc' dir='ltr'><em>παραδοθῆ-</em></span> 
     </span>
     <span class='ocr_line' id='line_1_55' title="bbox 39 2703 851 2749; baseline -0.004 -8"><span class='ocrx_word' id='word_1_316' title='bbox 39 2718 104 2742; x_wconf 86' lang='grc' dir='ltr'><em>ναι</em></span> <span class='ocrx_word' id='word_1_317' title='bbox 127 2705 376 2749; x_wconf 80' lang='grc' dir='ltr'><em>μυθεύονται.</em></span> <span class='ocrx_word' id='word_1_318' title='bbox 392 2725 438 2732; x_wconf 89' lang='lat'><em>--</em></span> <span class='ocrx_word' id='word_1_319' title='bbox 460 2707 544 2748; x_wconf 86' lang='grc' dir='ltr'><em>περὶ</em></span> <span class='ocrx_word' id='word_1_320' title='bbox 570 2704 610 2740; x_wconf 88' lang='grc' dir='ltr'><em>δε</em></span> <span class='ocrx_word' id='word_1_321' title='bbox 628 2706 697 2739; x_wconf 84' lang='grc' dir='ltr'><em>τοῦ</em></span> <span class='ocrx_word' id='word_1_322' title='bbox 715 2703 851 2747; x_wconf 77' lang='grc' dir='ltr'><em>ρηθέν-</em></span> 
     </span>
     <span class='ocr_line' id='line_1_56' title="bbox 40 2750 851 2809; baseline -0.002 -23"><span class='ocrx_word' id='word_1_323' title='bbox 40 2764 103 2792; x_wconf 83' lang='grc' dir='ltr'><em>τος</em></span> <span class='ocrx_word' id='word_1_324' title='bbox 137 2750 361 2793; x_wconf 81' lang='grc' dir='ltr'><em>Πανδαρέου</em></span> <span class='ocrx_word' id='word_1_325' title='bbox 395 2751 544 2797; x_wconf 86' lang='grc' dir='ltr'><em>φέρεται</em></span> <span class='ocrx_word' id='word_1_326' title='bbox 573 2750 680 2809; x_wconf 84' lang='grc' dir='ltr'><em>λόγος</em></span> <span class='ocrx_word' id='word_1_327' title='bbox 705 2750 814 2804; x_wconf 82' lang='lat' dir='ltr'><strong>(Sch.</strong></span> <span class='ocrx_word' id='word_1_328' title='bbox 817 2751 851 2793; x_wconf 88' lang='lat'><em>),</em></span> 
     </span>
     <span class='ocr_line' id='line_1_57' title="bbox 44 2794 850 2857; baseline -0.004 -24"><span class='ocrx_word' id='word_1_329' title='bbox 44 2811 104 2833; x_wconf 83' lang='grc' dir='ltr'><em>οτι</em></span> <span class='ocrx_word' id='word_1_330' title='bbox 136 2796 230 2833; x_wconf 79' lang='grc' dir='ltr'><em>κύνα</em></span> <span class='ocrx_word' id='word_1_331' title='bbox 259 2798 410 2857; x_wconf 81' lang='grc' dir='ltr'><em>κλέψας</em></span> <span class='ocrx_word' id='word_1_332' title='bbox 433 2798 596 2843; x_wconf 79' lang='grc' dir='ltr'><em>χρυσοῦν</em></span> <span class='ocrx_word' id='word_1_333' title='bbox 639 2796 678 2833; x_wconf 83' lang='grc' dir='ltr'><em>ἐν</em></span> <span class='ocrx_word' id='word_1_334' title='bbox 710 2794 850 2841; x_wconf 81' lang='grc' dir='ltr'><em>Κρήτη</em></span> 
     </span>
     <span class='ocr_line' id='line_1_58' title="bbox 38 2841 853 2909; baseline -0.002 -29.983"><span class='ocrx_word' id='word_1_335' title='bbox 38 2841 280 2889; x_wconf 69' lang='lat' dir='ltr'><em>Htpm‘otov&#39;</em></span> <span class='ocrx_word' id='word_1_336' title='bbox 270 2844 375 2890; x_wconf 85' lang='grc' dir='ltr'><em>ε’ργον</em></span> <span class='ocrx_word' id='word_1_337' title='bbox 400 2843 577 2909; x_wconf 20' lang='grc' dir='ltr'><em>ε’μςμψυχον</em></span> <span class='ocrx_word' id='word_1_338' title='bbox 600 2841 639 2880; x_wconf 78' lang='grc' dir='ltr'><em>ἐκ</em></span> <span class='ocrx_word' id='word_1_339' title='bbox 664 2845 733 2879; x_wconf 84' lang='grc' dir='ltr'><em>τοῦ</em></span> <span class='ocrx_word' id='word_1_340' title='bbox 760 2842 853 2882; x_wconf 73' lang='grc' dir='ltr'><em>Διὸς</em></span> 
     </span>
     <span class='ocr_line' id='line_1_59' title="bbox 40 2889 854 2937; baseline -0.001 -10"><span class='ocrx_word' id='word_1_341' title='bbox 40 2890 213 2936; x_wconf 81' lang='grc' dir='ltr'><em>τεμένους</em></span> <span class='ocrx_word' id='word_1_342' title='bbox 235 2891 517 2937; x_wconf 69' lang='grc' dir='ltr'><em>παρακατέθετο</em></span> <span class='ocrx_word' id='word_1_343' title='bbox 547 2889 746 2936; x_wconf 79' lang='grc' dir='ltr'><em>Ταντάλω·</em></span> <span class='ocrx_word' id='word_1_344' title='bbox 788 2895 854 2926; x_wconf 75' lang='grc' dir='ltr'><em>Δι-</em></span> 
     </span>
    </p>
   </div>
   <div class='ocr_carea' id='block_1_5' title="bbox 892 375 1715 2928">
    <p class='ocr_par' dir='ltr' id='par_1_7' title="bbox 892 375 1714 2785">
     <span class='ocr_line' id='line_1_60' title="bbox 901 375 1712 423; baseline -0.003 -7"><span class='ocrx_word' id='word_1_345' title='bbox 901 378 945 421; x_wconf 82' lang='grc' dir='ltr'><em>ὁς</em></span> <span class='ocrx_word' id='word_1_346' title='bbox 968 377 1009 415; x_wconf 79' lang='grc' dir='ltr'><em>δὲ</em></span> <span class='ocrx_word' id='word_1_347' title='bbox 1040 377 1289 420; x_wconf 75' lang='grc' dir='ltr'><em>ἀπαιτοῦντος</em></span> <span class='ocrx_word' id='word_1_348' title='bbox 1319 378 1362 415; x_wconf 69' lang='lat' dir='ltr'><em>vd</em></span> <span class='ocrx_word' id='word_1_349' title='bbox 1388 377 1528 423; x_wconf 80' lang='grc' dir='ltr'><em>κλέμμα</em></span> <span class='ocrx_word' id='word_1_350' title='bbox 1552 375 1609 414; x_wconf 86' lang='grc' dir='ltr'><em>δι’</em></span> <span class='ocrx_word' id='word_1_351' title='bbox 1628 375 1712 423; x_wconf 74' lang='grc' dir='ltr'><em>“·Ερ</em></span> 
     </span>
     <span class='ocr_line' id='line_1_61' title="bbox 900 423 1712 471; baseline -0.001 -10"><span class='ocrx_word' id='word_1_352' title='bbox 900 428 978 471; x_wconf 78' lang='grc' dir='ltr'><em>μοΰ</em></span> <span class='ocrx_word' id='word_1_353' title='bbox 1001 423 1145 470; x_wconf 86' lang='grc' dir='ltr'><em>ω’μοσεν</em></span> <span class='ocrx_word' id='word_1_354' title='bbox 1170 423 1189 461; x_wconf 85' lang='lat'><em>6</em></span> <span class='ocrx_word' id='word_1_355' title='bbox 1222 427 1414 466; x_wconf 79' lang='grc' dir='ltr'><em>Τάνταλος</em></span> <span class='ocrx_word' id='word_1_356' title='bbox 1438 425 1488 470; x_wconf 89' lang='grc' dir='ltr'><em>μὴ</em></span> <span class='ocrx_word' id='word_1_357' title='bbox 1514 424 1619 470; x_wconf 83' lang='grc' dir='ltr'><em>ε’χειν.</em></span> <span class='ocrx_word' id='word_1_358' title='bbox 1648 425 1712 460; x_wconf 77' lang='grc' dir='ltr'><em>καὶ</em></span> 
     </span>
     <span class='ocr_line' id='line_1_62' title="bbox 904 470 1714 518; baseline -0.001 -10"><span class='ocrx_word' id='word_1_359' title='bbox 904 472 1000 514; x_wconf 88' lang='grc' dir='ltr'><em>Ζευς</em></span> <span class='ocrx_word' id='word_1_360' title='bbox 1033 486 1101 518; x_wconf 87' lang='grc' dir='ltr'><em>μεν</em></span> <span class='ocrx_word' id='word_1_361' title='bbox 1124 471 1191 507; x_wconf 79' lang='grc' dir='ltr'><em>τόν</em></span> <span class='ocrx_word' id='word_1_362' title='bbox 1214 474 1348 514; x_wconf 77' lang='grc' dir='ltr'><em>κύνα,</em></span> <span class='ocrx_word' id='word_1_363' title='bbox 1363 470 1508 515; x_wconf 83' lang='grc' dir='ltr'><em>Ερμοῦ</em></span> <span class='ocrx_word' id='word_1_364' title='bbox 1530 470 1714 516; x_wconf 81' lang='grc' dir='ltr'><em>υφελομέ-</em></span> 
     </span>
     <span class='ocr_line' id='line_1_63' title="bbox 902 517 1711 574; baseline -0.002 -19"><span class='ocrx_word' id='word_1_365' title='bbox 902 533 971 555; x_wconf 90' lang='grc' dir='ltr'><em>νου</em></span> <span class='ocrx_word' id='word_1_366' title='bbox 995 517 1194 562; x_wconf 79' lang='grc' dir='ltr'><em>ἀπολαβών</em></span> <span class='ocrx_word' id='word_1_367' title='bbox 1226 518 1448 574; x_wconf 79' lang='grc' dir='ltr'><em>κατέστρεψε</em></span> <span class='ocrx_word' id='word_1_368' title='bbox 1481 519 1534 565; x_wconf 83' lang='grc' dir='ltr'><em>τῷ</em></span> <span class='ocrx_word' id='word_1_369' title='bbox 1561 517 1711 553; x_wconf 87' lang='grc' dir='ltr'><em>Ταντα-</em></span> 
     </span>
     <span class='ocr_line' id='line_1_64' title="bbox 902 554 1713 622; baseline -0.004 -22"><span class='ocrx_word' id='word_1_370' title='bbox 902 569 952 622; x_wconf 83' lang='grc' dir='ltr'><em>λῳ</em></span> <span class='ocrx_word' id='word_1_371' title='bbox 979 563 1065 608; x_wconf 80' lang='grc' dir='ltr'><em>ὅρος</em></span> <span class='ocrx_word' id='word_1_372' title='bbox 1096 563 1137 601; x_wconf 80' lang='grc' dir='ltr'><em>τό</em></span> <span class='ocrx_word' id='word_1_373' title='bbox 1162 566 1353 601; x_wconf 88' lang='grc' dir='ltr'><em>Σίπυλον·</em></span> <span class='ocrx_word' id='word_1_374' title='bbox 1387 562 1406 600; x_wconf 85' lang='grc' dir='ltr'>ὁ</span> <span class='ocrx_word' id='word_1_375' title='bbox 1443 562 1483 599; x_wconf 86' lang='grc' dir='ltr'><em>δε</em></span> <span class='ocrx_word' id='word_1_376' title='bbox 1508 554 1713 608; x_wconf 69' lang='grc' dir='ltr'><em>’Πανδοὶρης</em></span> 
     </span>
     <span class='ocr_line' id='line_1_65' title="bbox 901 607 1713 668; baseline -0.001 -22"><span class='ocrx_word' id='word_1_377' title='bbox 901 607 926 656; x_wconf 78' lang='grc' dir='ltr'><em>ἢ</em></span> <span class='ocrx_word' id='word_1_378' title='bbox 953 610 1172 656; x_wconf 86' lang='grc' dir='ltr'><em>Πανδαρεος</em></span> <span class='ocrx_word' id='word_1_379' title='bbox 1195 612 1327 657; x_wconf 81' lang='grc' dir='ltr'><em>φυγών</em></span> <span class='ocrx_word' id='word_1_380' title='bbox 1351 612 1403 652; x_wconf 87' lang='grc' dir='ltr'><em>εἰς</em></span> <span class='ocrx_word' id='word_1_381' title='bbox 1417 609 1575 668; x_wconf 78' lang='grc' dir='ltr'><em>Ἀθήνας</em></span> <span class='ocrx_word' id='word_1_382' title='bbox 1599 609 1713 645; x_wconf 78' lang='grc' dir='ltr'><em>ἐκεῖσε</em></span> 
     </span>
     <span class='ocr_line' id='line_1_66' title="bbox 901 655 1714 718; baseline -0.002 -25"><span class='ocrx_word' id='word_1_383' title='bbox 901 656 1082 703; x_wconf 80' lang='grc' dir='ltr'><em>(ἐκεῖθεν)</em></span> <span class='ocrx_word' id='word_1_384' title='bbox 1108 659 1160 699; x_wconf 81' lang='grc' dir='ltr'><em>εἰς</em></span> <span class='ocrx_word' id='word_1_385' title='bbox 1183 661 1358 718; x_wconf 81' lang='grc' dir='ltr'><em>Σικελίαν</em></span> <span class='ocrx_word' id='word_1_386' title='bbox 1368 657 1506 714; x_wconf 85' lang='grc' dir='ltr'><em>διέβη,</em></span> <span class='ocrx_word' id='word_1_387' title='bbox 1536 655 1631 691; x_wconf 78' lang='grc' dir='ltr'><em>ἔνθα</em></span> <span class='ocrx_word' id='word_1_388' title='bbox 1656 658 1714 692; x_wconf 87' lang='grc' dir='ltr'><em>δι·-</em></span> 
     </span>
     <span class='ocr_line' id='line_1_67' title="bbox 899 702 1715 761; baseline -0.002 -21.995"><span class='ocrx_word' id='word_1_389' title='bbox 899 705 1079 760; x_wconf 82' lang='grc' dir='ltr'><em>εφθάρη,</em></span> <span class='ocrx_word' id='word_1_390' title='bbox 1124 705 1238 751; x_wconf 77' lang='grc' dir='ltr'><em>φασὶ,</em></span> <span class='ocrx_word' id='word_1_391' title='bbox 1288 717 1382 750; x_wconf 80' lang='grc' dir='ltr'><em>μετα</em></span> <span class='ocrx_word' id='word_1_392' title='bbox 1424 705 1492 746; x_wconf 84' lang='grc' dir='ltr'><em>τῆς</em></span> <span class='ocrx_word' id='word_1_393' title='bbox 1536 702 1715 761; x_wconf 81' lang='grc' dir='ltr'><em>γυναικὸς</em></span> 
     </span>
     <span class='ocr_line' id='line_1_68' title="bbox 899 747 1715 795; baseline -0.001 -9.996"><span class='ocrx_word' id='word_1_394' title='bbox 899 747 1111 795; x_wconf 72' lang='grc' dir='ltr'><em>Ἆρμοθόης.</em></span> <span class='ocrx_word' id='word_1_395' title='bbox 1164 753 1207 787; x_wconf 81' lang='grc' dir='ltr'><em>τὸ</em></span> <span class='ocrx_word' id='word_1_396' title='bbox 1246 750 1287 787; x_wconf 79' lang='grc' dir='ltr'><em>δὲ</em></span> <span class='ocrx_word' id='word_1_397' title='bbox 1331 748 1624 792; x_wconf 85' lang='grc' dir='ltr'><em>Πανδαρέου</em></span> <span class='ocrx_word' id='word_1_398' title='bbox 1668 748 1715 784; x_wconf 80' lang='grc' dir='ltr'><em>ὅ-</em></span> 
     </span>
     <span class='ocr_line' id='line_1_69' title="bbox 899 793 1714 841; baseline -0.002 -10"><span class='ocrx_word' id='word_1_399' title='bbox 899 810 1011 841; x_wconf 90' lang='grc' dir='ltr'><em>μοιον</em></span> <span class='ocrx_word' id='word_1_400' title='bbox 1037 798 1089 841; x_wconf 79' lang='grc' dir='ltr'><em>τῷ</em></span> <span class='ocrx_word' id='word_1_401' title='bbox 1115 797 1410 840; x_wconf 81' lang='grc' dir='ltr'><em>Τυνδαρέου,</em></span> <span class='ocrx_word' id='word_1_402' title='bbox 1436 793 1458 832; x_wconf 80' lang='grc' dir='ltr'>ὃ</span> <span class='ocrx_word' id='word_1_403' title='bbox 1474 800 1592 831; x_wconf 84' lang='grc' dir='ltr'><em>κεῖται</em></span> <span class='ocrx_word' id='word_1_404' title='bbox 1610 808 1714 840; x_wconf 84' lang='grc' dir='ltr'><em>παρα</em></span> 
     </span>
     <span class='ocr_line' id='line_1_70' title="bbox 900 843 1531 899; baseline 0.002 -22"><span class='ocrx_word' id='word_1_405' title='bbox 900 845 952 888; x_wconf 82' lang='grc' dir='ltr'><em>τῷ</em></span> <span class='ocrx_word' id='word_1_406' title='bbox 983 843 1121 888; x_wconf 83' lang='grc' dir='ltr'><em>ποιητῇ</em></span> <span class='ocrx_word' id='word_1_407' title='bbox 1157 843 1223 886; x_wconf 85' lang='grc' dir='ltr'><em>(λ’,</em></span> <span class='ocrx_word' id='word_1_408' title='bbox 1248 847 1329 880; x_wconf 72' lang='lat'><strong>297.</strong></span> <span class='ocrx_word' id='word_1_409' title='bbox 1354 843 1408 887; x_wconf 84' lang='grc' dir='ltr'><em>ω’,</em></span> <span class='ocrx_word' id='word_1_410' title='bbox 1435 844 1531 899; x_wconf 76' lang='lat'><strong>199)</strong></span> 
     </span>
     <span class='ocr_line' id='line_1_71' title="bbox 900 887 1713 934; baseline -0.001 -11"><span class='ocrx_word' id='word_1_411' title='bbox 900 890 951 924; x_wconf 80' lang='grc' dir='ltr'><em>τῶ</em></span> <span class='ocrx_word' id='word_1_412' title='bbox 979 889 1230 934; x_wconf 85' lang='grc' dir='ltr'><em>Πηνελέου.</em></span> <span class='ocrx_word' id='word_1_413' title='bbox 1276 891 1390 934; x_wconf 82' lang='lat' dir='ltr'><strong>(dicit</strong></span> <span class='ocrx_word' id='word_1_414' title='bbox 1414 890 1451 923; x_wconf 88' lang='lat' dir='ltr'><em>Il.</em></span> <span class='ocrx_word' id='word_1_415' title='bbox 1477 887 1519 931; x_wconf 79' lang='grc' dir='ltr'><em>ξ’,</em></span> <span class='ocrx_word' id='word_1_416' title='bbox 1543 888 1623 931; x_wconf 82' lang='grc'><em>489,</em></span> <span class='ocrx_word' id='word_1_417' title='bbox 1648 889 1713 922; x_wconf 88' lang='lat' dir='ltr'><em>sed</em></span> 
     </span>
     <span class='ocr_line' id='line_1_72' title="bbox 900 934 1713 970; baseline 0 -1"><span class='ocrx_word' id='word_1_418' title='bbox 900 947 933 969; x_wconf 87' lang='lat' dir='ltr'><em>v.</em></span> <span class='ocrx_word' id='word_1_419' title='bbox 968 935 1018 968; x_wconf 91' lang='lat' dir='ltr'><em>ibi</em></span> <span class='ocrx_word' id='word_1_420' title='bbox 1051 947 1127 970; x_wconf 85' lang='lat' dir='ltr'>ann.</span> <span class='ocrx_word' id='word_1_421' title='bbox 1162 936 1250 969; x_wconf 87' lang='lat' dir='ltr'><strong>haud</strong></span> <span class='ocrx_word' id='word_1_422' title='bbox 1283 936 1369 970; x_wconf 75' lang='lat' dir='ltr'><strong>maie</strong></span> <span class='ocrx_word' id='word_1_423' title='bbox 1393 936 1522 969; x_wconf 78' lang='lat' dir='ltr'>Bam.-</span> <span class='ocrx_word' id='word_1_424' title='bbox 1557 934 1713 970; x_wconf 77' lang='grc' dir='ltr'><em>Πανδά-</em></span> 
     </span>
     <span class='ocr_line' id='line_1_73' title="bbox 900 979 1710 1026; baseline 0 -10"><span class='ocrx_word' id='word_1_425' title='bbox 900 983 1010 1026; x_wconf 88' lang='grc' dir='ltr'><em>ρεω.)</em></span> <span class='ocrx_word' id='word_1_426' title='bbox 1051 979 1208 1024; x_wconf 82' lang='grc' dir='ltr'><em>κου’ρη</em></span> <span class='ocrx_word' id='word_1_427' title='bbox 1250 979 1291 1016; x_wconf 87' lang='grc' dir='ltr'><em>δε</em></span> <span class='ocrx_word' id='word_1_428' title='bbox 1334 979 1624 1022; x_wconf 85' lang='grc' dir='ltr'><em>Πανδαρέου</em></span> <span class='ocrx_word' id='word_1_429' title='bbox 1665 980 1710 1016; x_wconf 82' lang='grc' dir='ltr'><em>τὸ</em></span> 
     </span>
     <span class='ocr_line' id='line_1_74' title="bbox 898 1025 1712 1084; baseline 0.002 -24"><span class='ocrx_word' id='word_1_430' title='bbox 898 1027 1039 1072; x_wconf 79' lang='grc' dir='ltr'><em>πτηνὸν</em></span> <span class='ocrx_word' id='word_1_431' title='bbox 1058 1025 1080 1072; x_wconf 79' lang='grc' dir='ltr'><em>ἦ</em></span> <span class='ocrx_word' id='word_1_432' title='bbox 1101 1025 1190 1084; x_wconf 81' lang='grc' dir='ltr'><em>οΞηδ</em></span> <span class='ocrx_word' id='word_1_433' title='bbox 1203 1041 1261 1061; x_wconf 88' lang='grc' dir='ltr'><em>ων</em></span> <span class='ocrx_word' id='word_1_434' title='bbox 1280 1041 1373 1062; x_wconf 80' lang='grc' dir='ltr'><em>κατα</em></span> <span class='ocrx_word' id='word_1_435' title='bbox 1385 1039 1468 1062; x_wconf 87' lang='grc' dir='ltr'><em>τινα</em></span> <span class='ocrx_word' id='word_1_436' title='bbox 1479 1026 1618 1070; x_wconf 86' lang='grc' dir='ltr'><em>τρόπον</em></span> <span class='ocrx_word' id='word_1_437' title='bbox 1628 1040 1712 1070; x_wconf 88' lang='grc' dir='ltr'><em>μετ-</em></span> 
     </span>
     <span class='ocr_line' id='line_1_75' title="bbox 899 1071 1713 1119; baseline -0.002 -11"><span class='ocrx_word' id='word_1_438' title='bbox 899 1077 1075 1118; x_wconf 85' lang='grc' dir='ltr'><em>ωνυμί,ας</em></span> <span class='ocrx_word' id='word_1_439' title='bbox 1103 1089 1123 1119; x_wconf 91' lang='grc' dir='ltr'><em>η</em></span> <span class='ocrx_word' id='word_1_440' title='bbox 1151 1071 1407 1118; x_wconf 85' lang='grc' dir='ltr'><em>μεταληψεως·</em></span> <span class='ocrx_word' id='word_1_441' title='bbox 1442 1072 1488 1109; x_wconf 88' lang='grc' dir='ltr'><em>ου’</em></span> <span class='ocrx_word' id='word_1_442' title='bbox 1503 1071 1573 1118; x_wconf 74' lang='grc' dir='ltr'><em>γὰρ</em></span> <span class='ocrx_word' id='word_1_443' title='bbox 1599 1073 1626 1117; x_wconf 73' lang='grc' dir='ltr'><em>ἡ</em></span> <span class='ocrx_word' id='word_1_444' title='bbox 1649 1073 1713 1117; x_wconf 87' lang='grc' dir='ltr'><em>ὄρ-</em></span> 
     </span>
     <span class='ocr_line' id='line_1_76' title="bbox 897 1120 1712 1178; baseline -0.004 -22"><span class='ocrx_word' id='word_1_445' title='bbox 897 1135 955 1162; x_wconf 91' lang='grc' dir='ltr'><em>νις</em></span> <span class='ocrx_word' id='word_1_446' title='bbox 979 1122 1203 1162; x_wconf 80' lang='grc' dir='ltr'><em>Πανδαρέου</em></span> <span class='ocrx_word' id='word_1_447' title='bbox 1227 1120 1410 1178; x_wconf 79' lang='grc' dir='ltr'><em>θυγατήρ.</em></span> <span class='ocrx_word' id='word_1_448' title='bbox 1433 1140 1480 1146; x_wconf 87' lang='lat'><em>-—-</em></span> <span class='ocrx_word' id='word_1_449' title='bbox 1502 1120 1712 1164; x_wconf 79' lang='grc' dir='ltr'><em>χλωρηίς</em></span> 
     </span>
     <span class='ocr_line' id='line_1_77' title="bbox 898 1165 1712 1222; baseline -0.002 -20"><span class='ocrx_word' id='word_1_450' title='bbox 898 1166 940 1203; x_wconf 85' lang='grc' dir='ltr'><em>δε</em></span> <span class='ocrx_word' id='word_1_451' title='bbox 977 1166 1031 1213; x_wconf 85' lang='grc' dir='ltr'><em>οἷη</em></span> <span class='ocrx_word' id='word_1_452' title='bbox 1043 1167 1135 1203; x_wconf 63' lang='lat' dir='ltr'><em>&amp;cdv</em></span> <span class='ocrx_word' id='word_1_453' title='bbox 1169 1165 1193 1211; x_wconf 79' lang='grc' dir='ltr'><em>ἢ</em></span> <span class='ocrx_word' id='word_1_454' title='bbox 1234 1180 1284 1207; x_wconf 84' lang='grc' dir='ltr'><em>ως</em></span> <span class='ocrx_word' id='word_1_455' title='bbox 1322 1165 1361 1202; x_wconf 79' lang='grc' dir='ltr'><em>ἐν</em></span> <span class='ocrx_word' id='word_1_456' title='bbox 1398 1169 1572 1222; x_wconf 70' lang='grc' dir='ltr'><em>χλωροῖς,</em></span> <span class='ocrx_word' id='word_1_457' title='bbox 1619 1166 1712 1211; x_wconf 83' lang='grc' dir='ltr'><em>φασὶ</em></span> 
     </span>
     <span class='ocr_line' id='line_1_78' title="bbox 898 1209 1713 1258; baseline -0.001 -11"><span class='ocrx_word' id='word_1_458' title='bbox 898 1215 1039 1258; x_wconf 54' lang='lat' dir='ltr'><em>(Scin),</em></span> <span class='ocrx_word' id='word_1_459' title='bbox 1084 1214 1348 1258; x_wconf 83' lang='grc' dir='ltr'><em>διατρίβουσα,</em></span> <span class='ocrx_word' id='word_1_460' title='bbox 1380 1211 1405 1258; x_wconf 77' lang='grc' dir='ltr'><em>ἢ</em></span> <span class='ocrx_word' id='word_1_461' title='bbox 1441 1227 1490 1254; x_wconf 85' lang='grc' dir='ltr'><em>ως</em></span> <span class='ocrx_word' id='word_1_462' title='bbox 1521 1209 1599 1256; x_wconf 77' lang='grc' dir='ltr'><em>ἅμα</em></span> <span class='ocrx_word' id='word_1_463' title='bbox 1632 1216 1713 1253; x_wconf 87' lang='grc' dir='ltr'><em>τοῖς</em></span> 
     </span>
     <span class='ocr_line' id='line_1_79' title="bbox 897 1258 1711 1318; baseline -0.002 -23"><span class='ocrx_word' id='word_1_464' title='bbox 897 1264 1052 1318; x_wconf 85' lang='grc' dir='ltr'><em>χλωροῖς</em></span> <span class='ocrx_word' id='word_1_465' title='bbox 1077 1262 1302 1305; x_wconf 75' lang='grc' dir='ltr'><em>φαινομένη,</em></span> <span class='ocrx_word' id='word_1_466' title='bbox 1341 1259 1453 1303; x_wconf 87' lang='grc' dir='ltr'><em>εἀρος</em></span> <span class='ocrx_word' id='word_1_467' title='bbox 1483 1258 1552 1304; x_wconf 81' lang='grc' dir='ltr'><em>γὰρ</em></span> <span class='ocrx_word' id='word_1_468' title='bbox 1579 1260 1711 1302; x_wconf 84' lang='grc' dir='ltr'><em>φαίνε-</em></span> 
     </span>
     <span class='ocr_line' id='line_1_80' title="bbox 897 1305 1711 1353; baseline -0.004 -11"><span class='ocrx_word' id='word_1_469' title='bbox 897 1320 972 1351; x_wconf 83' lang='grc' dir='ltr'><em>ται,</em></span> <span class='ocrx_word' id='word_1_470' title='bbox 998 1305 1021 1353; x_wconf 84' lang='grc' dir='ltr'><em>ἢ</em></span> <span class='ocrx_word' id='word_1_471' title='bbox 1047 1306 1111 1342; x_wconf 78' lang='grc' dir='ltr'><em>διοὶ</em></span> <span class='ocrx_word' id='word_1_472' title='bbox 1135 1307 1177 1342; x_wconf 77' lang='grc' dir='ltr'><em>τὸ</em></span> <span class='ocrx_word' id='word_1_473' title='bbox 1201 1310 1330 1352; x_wconf 78' lang='grc' dir='ltr'><em>χρῶμα</em></span> <span class='ocrx_word' id='word_1_474' title='bbox 1354 1306 1498 1350; x_wconf 79' lang='lat' dir='ltr'><em>(recte),</em></span> <span class='ocrx_word' id='word_1_475' title='bbox 1533 1306 1607 1347; x_wconf 86' lang='grc' dir='ltr'><em>διό,</em></span> <span class='ocrx_word' id='word_1_476' title='bbox 1634 1318 1711 1351; x_wconf 87' lang='grc' dir='ltr'><em>φα-</em></span> 
     </span>
     <span class='ocr_line' id='line_1_81' title="bbox 898 1351 1712 1409; baseline -0.005 -20"><span class='ocrx_word' id='word_1_477' title='bbox 898 1354 954 1395; x_wconf 80' lang='grc' dir='ltr'><em>σὶ,</em></span> <span class='ocrx_word' id='word_1_478' title='bbox 987 1354 1050 1389; x_wconf 82' lang='grc' dir='ltr'><em>καὶ</em></span> <span class='ocrx_word' id='word_1_479' title='bbox 1083 1353 1184 1396; x_wconf 72' lang='grc' dir='ltr'><em>παρά</em></span> <span class='ocrx_word' id='word_1_480' title='bbox 1212 1355 1406 1398; x_wconf 85' lang='grc' dir='ltr'><em>Σιμωνίδῃ</em></span> <span class='ocrx_word' id='word_1_481' title='bbox 1441 1351 1712 1409; x_wconf 82' lang='grc' dir='ltr'><em>χλωραύχε-</em></span> 
     </span>
     <span class='ocr_line' id='line_1_82' title="bbox 897 1398 1712 1445; baseline -0.005 -9"><span class='ocrx_word' id='word_1_482' title='bbox 897 1413 971 1440; x_wconf 86' lang='grc' dir='ltr'><em>νες</em></span> <span class='ocrx_word' id='word_1_483' title='bbox 997 1401 1038 1436; x_wconf 80' lang='grc' dir='ltr'><em>αἱ,</em></span> <span class='ocrx_word' id='word_1_484' title='bbox 1062 1399 1219 1443; x_wconf 86' lang='grc' dir='ltr'><em>αηδόνες</em></span> <span class='ocrx_word' id='word_1_485' title='bbox 1240 1401 1419 1445; x_wconf 82' lang='grc' dir='ltr'><em>λέγονται.</em></span> <span class='ocrx_word' id='word_1_486' title='bbox 1465 1398 1712 1442; x_wconf 80' lang='grc' dir='ltr'><em>(ποικιλόδει-</em></span> 
     </span>
     <span class='ocr_line' id='line_1_83' title="bbox 897 1440 1709 1488; baseline -0.003 -7"><span class='ocrx_word' id='word_1_487' title='bbox 897 1460 964 1488; x_wconf 87' lang='grc' dir='ltr'><em>ρον</em></span> <span class='ocrx_word' id='word_1_488' title='bbox 997 1447 1173 1481; x_wconf 83' lang='lat' dir='ltr'><strong>lusciniam</strong></span> <span class='ocrx_word' id='word_1_489' title='bbox 1199 1453 1302 1481; x_wconf 82' lang='lat' dir='ltr'><strong>vocat</strong></span> <span class='ocrx_word' id='word_1_490' title='bbox 1334 1445 1510 1480; x_wconf 78' lang='lat' dir='ltr'><strong>Hesiodus</strong></span> <span class='ocrx_word' id='word_1_491' title='bbox 1533 1440 1578 1479; x_wconf 88' lang='lat' dir='ltr'><em>O.</em></span> <span class='ocrx_word' id='word_1_492' title='bbox 1606 1451 1643 1479; x_wconf 79' lang='lat' dir='ltr'><em>et</em></span> <span class='ocrx_word' id='word_1_493' title='bbox 1666 1446 1709 1478; x_wconf 86' lang='lat' dir='ltr'><em>D.</em></span> 
     </span>
     <span class='ocr_line' id='line_1_84' title="bbox 896 1492 1711 1537; baseline -0.006 -9"><span class='ocrx_word' id='word_1_494' title='bbox 896 1495 999 1537; x_wconf 60' lang='lat'><em>203„</em></span> <span class='ocrx_word' id='word_1_495' title='bbox 1032 1494 1065 1527; x_wconf 91' lang='lat' dir='ltr'><em>h.</em></span> <span class='ocrx_word' id='word_1_496' title='bbox 1092 1506 1122 1528; x_wconf 90' lang='lat' dir='ltr'><em>e.</em></span> <span class='ocrx_word' id='word_1_497' title='bbox 1147 1494 1286 1536; x_wconf 71' lang='lat' dir='ltr'><strong>Guyeto</strong></span> <span class='ocrx_word' id='word_1_498' title='bbox 1320 1492 1511 1536; x_wconf 72' lang='lat' dir='ltr'>interprete</span> <span class='ocrx_word' id='word_1_499' title='bbox 1542 1490 1711 1537; x_wconf 75' lang='lat' dir='ltr'><strong><em>vari‹g·a—</em></strong></span> 
     </span>
     <span class='ocr_line' id='line_1_85' title="bbox 896 1538 1708 1581; baseline -0.004 -8"><span class='ocrx_word' id='word_1_500' title='bbox 896 1545 993 1581; x_wconf 83' lang='lat' dir='ltr'><em>tam,</em></span> <span class='ocrx_word' id='word_1_501' title='bbox 1025 1551 1091 1573; x_wconf 81' lang='lat' dir='ltr'><em>non</em></span> <span class='ocrx_word' id='word_1_502' title='bbox 1125 1551 1313 1579; x_wconf 82' lang='lat' dir='ltr'><em>canoram,</em></span> <span class='ocrx_word' id='word_1_503' title='bbox 1349 1544 1387 1572; x_wconf 75' lang='lat' dir='ltr'><em>ut</em></span> <span class='ocrx_word' id='word_1_504' title='bbox 1412 1538 1514 1581; x_wconf 76' lang='lat' dir='ltr'><strong>vulgo</strong></span> <span class='ocrx_word' id='word_1_505' title='bbox 1539 1538 1708 1578; x_wconf 86' lang='lat' dir='ltr'><em>reddunt3</em></span> 
     </span>
     <span class='ocr_line' id='line_1_86' title="bbox 896 1585 1710 1630; baseline -0.004 -11"><span class='ocrx_word' id='word_1_506' title='bbox 896 1586 1037 1620; x_wconf 76' lang='lat' dir='ltr'><strong>videtur</strong></span> <span class='ocrx_word' id='word_1_507' title='bbox 1075 1592 1188 1619; x_wconf 82' lang='lat' dir='ltr'><strong>autem</strong></span> <span class='ocrx_word' id='word_1_508' title='bbox 1222 1586 1398 1630; x_wconf 76' lang='lat' dir='ltr'><strong>pertinere</strong></span> <span class='ocrx_word' id='word_1_509' title='bbox 1431 1585 1495 1618; x_wconf 85' lang='lat' dir='ltr'><em>hoc</em></span> <span class='ocrx_word' id='word_1_510' title='bbox 1530 1585 1710 1628; x_wconf 74' lang='lat' dir='ltr'>epitheton</span> 
     </span>
     <span class='ocr_line' id='line_1_87' title="bbox 897 1630 1711 1666; baseline -0.005 0"><span class='ocrx_word' id='word_1_511' title='bbox 897 1633 943 1666; x_wconf 86' lang='lat' dir='ltr'><em>ad</em></span> <span class='ocrx_word' id='word_1_512' title='bbox 967 1632 1163 1666; x_wconf 64' lang='lat' dir='ltr'><strong>mutabilem</strong></span> <span class='ocrx_word' id='word_1_513' title='bbox 1189 1633 1262 1665; x_wconf 79' lang='lat' dir='ltr'><em>avis</em></span> <span class='ocrx_word' id='word_1_514' title='bbox 1286 1633 1454 1665; x_wconf 79' lang='lat' dir='ltr'><strong>colorem.</strong></span> <span class='ocrx_word' id='word_1_515' title='bbox 1446 1643 1455 1651; x_wconf 93' lang='lat'><strong>·</strong></span> <span class='ocrx_word' id='word_1_516' title='bbox 1482 1641 1512 1662; x_wconf 91' lang='lat' dir='ltr'><em>v.</em></span> <span class='ocrx_word' id='word_1_517' title='bbox 1539 1630 1711 1663; x_wconf 76' lang='lat' dir='ltr'><strong>Aristote-</strong></span> 
     </span>
     <span class='ocr_line' id='line_1_88' title="bbox 895 1676 1708 1720; baseline -0.005 -8"><span class='ocrx_word' id='word_1_518' title='bbox 895 1678 946 1712; x_wconf 87' lang='lat' dir='ltr'><em>les</em></span> <span class='ocrx_word' id='word_1_519' title='bbox 969 1679 1015 1712; x_wconf 89' lang='lat' dir='ltr'><em>H.</em></span> <span class='ocrx_word' id='word_1_520' title='bbox 1042 1681 1081 1712; x_wconf 82' lang='lat' dir='ltr'><em>A.</em></span> <span class='ocrx_word' id='word_1_521' title='bbox 1107 1680 1150 1719; x_wconf 92' lang='lat'><strong>9,</strong></span> <span class='ocrx_word' id='word_1_522' title='bbox 1176 1680 1241 1720; x_wconf 88' lang='grc'><em>36,</em></span> <span class='ocrx_word' id='word_1_523' title='bbox 1265 1680 1308 1719; x_wconf 78' lang='grc'><em>2,</em></span> <span class='ocrx_word' id='word_1_524' title='bbox 1333 1678 1437 1711; x_wconf 85' lang='lat' dir='ltr'><strong>Schn.</strong></span> <span class='ocrx_word' id='word_1_525' title='bbox 1461 1676 1572 1709; x_wconf 82' lang='lat' dir='ltr'>lexico</span> <span class='ocrx_word' id='word_1_526' title='bbox 1595 1687 1649 1720; x_wconf 78' lang='lat' dir='ltr'><em>gr.</em></span> <span class='ocrx_word' id='word_1_527' title='bbox 1675 1687 1708 1709; x_wconf 86' lang='lat' dir='ltr'><em>v.</em></span> 
     </span>
     <span class='ocr_line' id='line_1_89' title="bbox 894 1721 1709 1771; baseline -0.002 -13"><span class='ocrx_word' id='word_1_528' title='bbox 894 1725 1083 1769; x_wconf 76' lang='grc' dir='ltr'><em>χλωρηὶς.)</em></span> <span class='ocrx_word' id='word_1_529' title='bbox 1108 1723 1145 1758; x_wconf 73' lang='grc' dir='ltr'><em>ἐν</em></span> <span class='ocrx_word' id='word_1_530' title='bbox 1171 1723 1210 1758; x_wconf 89' lang='grc' dir='ltr'><em>δε</em></span> <span class='ocrx_word' id='word_1_531' title='bbox 1235 1725 1287 1771; x_wconf 80' lang='grc' dir='ltr'><em>τῷ</em></span> <span class='ocrx_word' id='word_1_532' title='bbox 1320 1723 1465 1765; x_wconf 78' lang='grc' dir='ltr'><em>ἔαρος</em></span> <span class='ocrx_word' id='word_1_533' title='bbox 1488 1721 1598 1757; x_wconf 84' lang='grc' dir='ltr'><em>νέον</em></span> <span class='ocrx_word' id='word_1_534' title='bbox 1622 1722 1709 1757; x_wconf 83' lang='grc' dir='ltr'><em>ὶστ.</em></span> 
     </span>
     <span class='ocr_line' id='line_1_90' title="bbox 896 1760 1709 1825; baseline -0.005 -19"><span class='ocrx_word' id='word_1_535' title='bbox 896 1773 1015 1815; x_wconf 82' lang='grc' dir='ltr'><em>δηλοῖ,</em></span> <span class='ocrx_word' id='word_1_536' title='bbox 1039 1770 1122 1805; x_wconf 82' lang='grc' dir='ltr'><em>τότε</em></span> <span class='ocrx_word' id='word_1_537' title='bbox 1145 1760 1304 1825; x_wconf 77' lang='grc' dir='ltr'><em>μάλιστα</em></span> <span class='ocrx_word' id='word_1_538' title='bbox 1320 1769 1459 1825; x_wconf 75' lang='grc' dir='ltr'><em>φ’δικόν</em></span> <span class='ocrx_word' id='word_1_539' title='bbox 1487 1767 1582 1804; x_wconf 84' lang='grc' dir='ltr'><em>εἰναι</em></span> <span class='ocrx_word' id='word_1_540' title='bbox 1598 1765 1709 1811; x_wconf 78' lang='grc' dir='ltr'><em>τοτῖρ-</em></span> 
     </span>
     <span class='ocr_line' id='line_1_91' title="bbox 895 1813 1710 1860; baseline -0.006 -7"><span class='ocrx_word' id='word_1_541' title='bbox 895 1819 1030 1857; x_wconf 82' lang='grc' dir='ltr'><em>νίδιον,</em></span> <span class='ocrx_word' id='word_1_542' title='bbox 1059 1814 1144 1860; x_wconf 77' lang='grc' dir='ltr'><em>(ὥς)</em></span> <span class='ocrx_word' id='word_1_543' title='bbox 1166 1817 1262 1852; x_wconf 82' lang='grc' dir='ltr'><em>εἶποι</em></span> <span class='ocrx_word' id='word_1_544' title='bbox 1289 1813 1335 1850; x_wconf 77' lang='grc' dir='ltr'><em>ὃῖν</em></span> <span class='ocrx_word' id='word_1_545' title='bbox 1359 1829 1378 1851; x_wconf 92' lang='grc' dir='ltr'><em>ο</em></span> <span class='ocrx_word' id='word_1_546' title='bbox 1399 1815 1590 1858; x_wconf 78' lang='grc' dir='ltr'><em>Κωμικός·</em></span> <span class='ocrx_word' id='word_1_547' title='bbox 1615 1828 1710 1858; x_wconf 86' lang='grc' dir='ltr'><em>παρ-</em></span> 
     </span>
     <span class='ocr_line' id='line_1_92' title="bbox 898 1860 1708 1908; baseline -0.004 -10"><span class='ocrx_word' id='word_1_548' title='bbox 898 1863 1126 1907; x_wconf 80' lang='grc' dir='ltr'><em>ακμαζοντος</em></span> <span class='ocrx_word' id='word_1_549' title='bbox 1156 1863 1225 1908; x_wconf 64' lang='grc' dir='ltr'><em>γάρ</em></span> <span class='ocrx_word' id='word_1_550' title='bbox 1260 1862 1369 1906; x_wconf 86' lang='grc' dir='ltr'><em>εἀρος</em></span> <span class='ocrx_word' id='word_1_551' title='bbox 1401 1860 1546 1896; x_wconf 88' lang='grc' dir='ltr'><em>ανίεται</em></span> <span class='ocrx_word' id='word_1_552' title='bbox 1577 1862 1638 1895; x_wconf 85' lang='grc' dir='ltr'><em>καὶ</em></span> <span class='ocrx_word' id='word_1_553' title='bbox 1663 1861 1708 1896; x_wconf 93' lang='grc' dir='ltr'><em>το</em></span> 
     </span>
     <span class='ocr_line' id='line_1_93' title="bbox 895 1908 1708 1955; baseline -0.005 -10"><span class='ocrx_word' id='word_1_554' title='bbox 895 1911 1013 1955; x_wconf 86' lang='grc' dir='ltr'><em>μέλος.</em></span> <span class='ocrx_word' id='word_1_555' title='bbox 1047 1910 1146 1942; x_wconf 83' lang='lat' dir='ltr'><strong>nimis</strong></span> <span class='ocrx_word' id='word_1_556' title='bbox 1171 1910 1387 1943; x_wconf 79' lang='lat' dir='ltr'><strong>confidenter</strong></span> <span class='ocrx_word' id='word_1_557' title='bbox 1403 1908 1590 1953; x_wconf 75' lang='lat' dir='ltr'><strong>Knightius</strong></span> <span class='ocrx_word' id='word_1_558' title='bbox 1617 1909 1708 1941; x_wconf 77' lang='lat' dir='ltr'>Pan-</span> 
     </span>
     <span class='ocr_line' id='line_1_94' title="bbox 897 1955 1709 2000; baseline -0.002 -10"><span class='ocrx_word' id='word_1_559' title='bbox 897 1957 994 1990; x_wconf 82' lang='lat' dir='ltr'><strong>darei</strong></span> <span class='ocrx_word' id='word_1_560' title='bbox 1018 1956 1111 1990; x_wconf 74' lang='lat' dir='ltr'><em>filiae</em></span> <span class='ocrx_word' id='word_1_561' title='bbox 1137 1955 1423 2000; x_wconf 77' lang='lat' dir='ltr'>metamorphosin</span> <span class='ocrx_word' id='word_1_562' title='bbox 1449 1955 1537 1988; x_wconf 77' lang='lat' dir='ltr'><strong>dicit</strong></span> <span class='ocrx_word' id='word_1_563' title='bbox 1567 1955 1709 1997; x_wconf 81' lang='lat' dir='ltr'><strong>„fabu-</strong></span> 
     </span>
     <span class='ocr_line' id='line_1_95' title="bbox 894 2000 1709 2045; baseline -0.005 -8"><span class='ocrx_word' id='word_1_564' title='bbox 894 2003 980 2043; x_wconf 87' lang='lat' dir='ltr'><strong>lam,</strong></span> <span class='ocrx_word' id='word_1_565' title='bbox 1016 2007 1053 2035; x_wconf 79' lang='lat' dir='ltr'><em>ut</em></span> <span class='ocrx_word' id='word_1_566' title='bbox 1077 2001 1161 2035; x_wconf 81' lang='lat' dir='ltr'><strong>alias</strong></span> <span class='ocrx_word' id='word_1_567' title='bbox 1187 2001 1374 2045; x_wconf 79' lang='lat' dir='ltr'><em>ejusmodi,</em></span> <span class='ocrx_word' id='word_1_568' title='bbox 1400 2000 1541 2035; x_wconf 78' lang='lat' dir='ltr'><em>serioris</em></span> <span class='ocrx_word' id='word_1_569' title='bbox 1566 2001 1644 2033; x_wconf 88' lang='lat' dir='ltr'><strong>aevi</strong></span> <span class='ocrx_word' id='word_1_570' title='bbox 1670 2006 1709 2034; x_wconf 79' lang='lat' dir='ltr'><em>et</em></span> 
     </span>
     <span class='ocr_line' id='line_1_96' title="bbox 896 2047 1710 2093; baseline -0.004 -11"><span class='ocrx_word' id='word_1_571' title='bbox 896 2061 916 2082; x_wconf 85' lang='lat' dir='ltr'><strong>e</strong></span> <span class='ocrx_word' id='word_1_572' title='bbox 937 2048 1079 2092; x_wconf 89' lang='lat' dir='ltr'><em>mystica</em></span> <span class='ocrx_word' id='word_1_573' title='bbox 1097 2047 1149 2080; x_wconf 87' lang='lat' dir='ltr'><em>vel</em></span> <span class='ocrx_word' id='word_1_574' title='bbox 1171 2048 1356 2093; x_wconf 67' lang='lat' dir='ltr'><strong>symbolica</strong></span> <span class='ocrx_word' id='word_1_575' title='bbox 1373 2047 1540 2091; x_wconf 76' lang='lat' dir='ltr'><strong>religione</strong></span> <span class='ocrx_word' id='word_1_576' title='bbox 1563 2048 1710 2080; x_wconf 75' lang='lat' dir='ltr'><strong>ortam.“</strong></span> 
     </span>
     <span class='ocr_line' id='line_1_97' title="bbox 895 2093 1706 2129; baseline -0.004 -1"><span class='ocrx_word' id='word_1_577' title='bbox 895 2094 1049 2129; x_wconf 80' lang='lat' dir='ltr'><em>difficilis</em></span> <span class='ocrx_word' id='word_1_578' title='bbox 1074 2094 1161 2127; x_wconf 86' lang='lat' dir='ltr'><strong>enim</strong></span> <span class='ocrx_word' id='word_1_579' title='bbox 1186 2106 1243 2127; x_wconf 82' lang='lat' dir='ltr'><em>res</em></span> <span class='ocrx_word' id='word_1_580' title='bbox 1275 2100 1329 2127; x_wconf 85' lang='lat' dir='ltr'><em>est.</em></span> <span class='ocrx_word' id='word_1_581' title='bbox 1363 2093 1538 2126; x_wconf 78' lang='lat' dir='ltr'><strong>initiorum</strong></span> <span class='ocrx_word' id='word_1_582' title='bbox 1562 2093 1706 2126; x_wconf 86' lang='lat' dir='ltr'><strong>omnium</strong></span> 
     </span>
     <span class='ocr_line' id='line_1_98' title="bbox 894 2140 1708 2184; baseline -0.006 -8"><span class='ocrx_word' id='word_1_583' title='bbox 894 2140 1130 2183; x_wconf 74' lang='lat' dir='ltr'><em>investigatio,</em></span> <span class='ocrx_word' id='word_1_584' title='bbox 1157 2151 1221 2172; x_wconf 89' lang='lat' dir='ltr'><em>nec</em></span> <span class='ocrx_word' id='word_1_585' title='bbox 1245 2145 1393 2184; x_wconf 82' lang='lat' dir='ltr'><strong>apparet</strong></span> <span class='ocrx_word' id='word_1_586' title='bbox 1417 2150 1532 2180; x_wconf 83' lang='lat' dir='ltr'><strong>causa,</strong></span> <span class='ocrx_word' id='word_1_587' title='bbox 1558 2150 1618 2171; x_wconf 86' lang='lat' dir='ltr'><em>cur</em></span> <span class='ocrx_word' id='word_1_588' title='bbox 1644 2140 1708 2172; x_wconf 86' lang='lat' dir='ltr'><em>hoc</em></span> 
     </span>
     <span class='ocr_line' id='line_1_99' title="bbox 895 2185 1709 2232; baseline -0.004 -11"><span class='ocrx_word' id='word_1_589' title='bbox 895 2199 949 2232; x_wconf 68' lang='grc' dir='ltr'><em>ιιι)</em></span> <span class='ocrx_word' id='word_1_590' title='bbox 954 2188 1086 2220; x_wconf 78' lang='lat' dir='ltr'>thorum</span> <span class='ocrx_word' id='word_1_591' title='bbox 1111 2197 1221 2230; x_wconf 79' lang='lat' dir='ltr'><strong>genus</strong></span> <span class='ocrx_word' id='word_1_592' title='bbox 1246 2187 1478 2229; x_wconf 84' lang='lat' dir='ltr'><strong>abjudicemus</strong></span> <span class='ocrx_word' id='word_1_593' title='bbox 1510 2186 1554 2218; x_wconf 88' lang='lat' dir='ltr'><em>ab</em></span> <span class='ocrx_word' id='word_1_594' title='bbox 1578 2185 1709 2218; x_wconf 87' lang='lat' dir='ltr'><strong>Home-</strong></span> 
     </span>
     <span class='ocr_line' id='line_1_100' title="bbox 895 2230 1709 2288; baseline -0.005 -21"><span class='ocrx_word' id='word_1_595' title='bbox 895 2245 946 2275; x_wconf 91' lang='lat' dir='ltr'><em>ro,</em></span> <span class='ocrx_word' id='word_1_596' title='bbox 970 2234 1065 2266; x_wconf 83' lang='lat' dir='ltr'><strong>fonte</strong></span> <span class='ocrx_word' id='word_1_597' title='bbox 1089 2233 1292 2288; x_wconf 74' lang='lat' dir='ltr'>m)thorum.</span> <span class='ocrx_word' id='word_1_598' title='bbox 1309 2252 1354 2256; x_wconf 98' lang='lat'><strong>—</strong></span> <span class='ocrx_word' id='word_1_599' title='bbox 1376 2230 1599 2275; x_wconf 85' lang='lat' dir='ltr'><strong>„Demetrius</strong></span> <span class='ocrx_word' id='word_1_600' title='bbox 1616 2231 1709 2264; x_wconf 89' lang='lat' dir='ltr'>Pha-</span> 
     </span>
     <span class='ocr_line' id='line_1_101' title="bbox 894 2275 1707 2334; baseline -0.002 -21"><span class='ocrx_word' id='word_1_601' title='bbox 894 2280 958 2314; x_wconf 86' lang='lat' dir='ltr'><strong>ler.</strong></span> <span class='ocrx_word' id='word_1_602' title='bbox 989 2278 1071 2322; x_wconf 83' lang='grc' dir='ltr'><em>περὶ</em></span> <span class='ocrx_word' id='word_1_603' title='bbox 1094 2275 1193 2334; x_wconf 79' lang='grc' dir='ltr'><em>Εριι.</em></span> <span class='ocrx_word' id='word_1_604' title='bbox 1221 2281 1253 2320; x_wconf 67' lang='grc' dir='ltr'><em>ἓ.</em></span> <span class='ocrx_word' id='word_1_605' title='bbox 1280 2279 1378 2313; x_wconf 87' lang='grc'><em>133.</em></span> <span class='ocrx_word' id='word_1_606' title='bbox 1413 2278 1448 2312; x_wconf 90' lang='grc' dir='ltr'><em>εἰ</em></span> <span class='ocrx_word' id='word_1_607' title='bbox 1479 2277 1546 2321; x_wconf 82' lang='grc' dir='ltr'><em>μέν</em></span> <span class='ocrx_word' id='word_1_608' title='bbox 1579 2289 1635 2318; x_wconf 88' lang='grc' dir='ltr'><em>τις</em></span> <span class='ocrx_word' id='word_1_609' title='bbox 1668 2275 1707 2312; x_wconf 78' lang='grc' dir='ltr'><em>ἐν</em></span> 
     </span>
     <span class='ocr_line' id='line_1_102' title="bbox 895 2320 1708 2378; baseline -0.002 -19"><span class='ocrx_word' id='word_1_610' title='bbox 895 2322 1084 2369; x_wconf 70' lang='grc' dir='ltr'><em>πράγματι</em></span> <span class='ocrx_word' id='word_1_611' title='bbox 1105 2338 1212 2369; x_wconf 81' lang='grc' dir='ltr'><em>χαρις</em></span> <span class='ocrx_word' id='word_1_612' title='bbox 1234 2324 1330 2366; x_wconf 81' lang='grc' dir='ltr'><em>ἐστι,</em></span> <span class='ocrx_word' id='word_1_613' title='bbox 1357 2321 1446 2358; x_wconf 84' lang='grc' dir='ltr'><em>τάδε</em></span> <span class='ocrx_word' id='word_1_614' title='bbox 1470 2324 1532 2358; x_wconf 82' lang='grc' dir='ltr'><em>καὶ</em></span> <span class='ocrx_word' id='word_1_615' title='bbox 1566 2320 1589 2366; x_wconf 84' lang='grc' dir='ltr'><strong><em>ἡ</em></strong></span> <span class='ocrx_word' id='word_1_616' title='bbox 1597 2322 1708 2378; x_wconf 81' lang='grc' dir='ltr'><em>λεξις</em></span> 
     </span>
     <span class='ocr_line' id='line_1_103' title="bbox 892 2365 1714 2429; baseline -0.002 -23"><span class='ocrx_word' id='word_1_617' title='bbox 892 2376 995 2407; x_wconf 83' lang='grc' dir='ltr'><em>ποιεῖ</em></span> <span class='ocrx_word' id='word_1_618' title='bbox 1017 2370 1331 2414; x_wconf 78' lang='grc' dir='ltr'><em>ἐπιχαριτώτερα,</em></span> <span class='ocrx_word' id='word_1_619' title='bbox 1364 2369 1445 2405; x_wconf 81' lang='grc' dir='ltr'><em>οἷον</em></span> <span class='ocrx_word' id='word_1_620' title='bbox 1470 2368 1528 2409; x_wconf 72' lang='grc' dir='ltr'><em>ὣς</em></span> <span class='ocrx_word' id='word_1_621' title='bbox 1563 2365 1608 2404; x_wconf 89' lang='grc' dir='ltr'><em>δ’</em></span> <span class='ocrx_word' id='word_1_622' title='bbox 1629 2367 1714 2429; x_wconf 75' lang='grc' dir='ltr'><em>ὅτε</em></span> 
     </span>
     <span class='ocr_line' id='line_1_104' title="bbox 894 2415 1708 2474; baseline -0.005 -20"><span class='ocrx_word' id='word_1_623' title='bbox 894 2417 1182 2472; x_wconf 82' lang='grc' dir='ltr'><em>Πανδαρέου</em></span> <span class='ocrx_word' id='word_1_624' title='bbox 1205 2431 1238 2452; x_wconf 83' lang='lat' dir='ltr'><em>n.</em></span> <span class='ocrx_word' id='word_1_625' title='bbox 1255 2431 1286 2452; x_wconf 89' lang='grc' dir='ltr'><em>τ.</em></span> <span class='ocrx_word' id='word_1_626' title='bbox 1303 2420 1334 2451; x_wconf 93' lang='grc' dir='ltr'><em>λ.</em></span> <span class='ocrx_word' id='word_1_627' title='bbox 1359 2415 1529 2452; x_wconf 76' lang='grc' dir='ltr'><em>ἐνταῦθα</em></span> <span class='ocrx_word' id='word_1_628' title='bbox 1540 2429 1620 2474; x_wconf 84' lang='grc' dir='ltr'><em>γαρ</em></span> <span class='ocrx_word' id='word_1_629' title='bbox 1644 2416 1708 2451; x_wconf 80' lang='grc' dir='ltr'><em>καὶ</em></span> 
     </span>
     <span class='ocr_line' id='line_1_105' title="bbox 894 2461 1707 2509; baseline -0.005 -8.94"><span class='ocrx_word' id='word_1_630' title='bbox 906 2463 914 2476; x_wconf 80' lang='lat'><strong>‘</strong></span> <span class='ocrx_word' id='word_1_631' title='bbox 894 2462 1072 2509; x_wconf 77' lang='grc' dir='ltr'><em>ηοῖηδών</em></span> <span class='ocrx_word' id='word_1_632' title='bbox 1098 2464 1223 2508; x_wconf 77' lang='grc' dir='ltr'><em>χαρίεν</em></span> <span class='ocrx_word' id='word_1_633' title='bbox 1258 2461 1452 2507; x_wconf 76' lang='grc' dir='ltr'><em>ὀρνίθιον,</em></span> <span class='ocrx_word' id='word_1_634' title='bbox 1488 2463 1551 2497; x_wconf 82' lang='grc' dir='ltr'><em>καὶ</em></span> <span class='ocrx_word' id='word_1_635' title='bbox 1575 2463 1616 2497; x_wconf 84' lang='grc' dir='ltr'><em>τὸ</em></span> <span class='ocrx_word' id='word_1_636' title='bbox 1640 2461 1707 2508; x_wconf 82' lang='grc' dir='ltr'><em>ἔαρ</em></span> 
     </span>
     <span class='ocr_line' id='line_1_106' title="bbox 896 2506 1708 2565; baseline -0.004 -20"><span class='ocrx_word' id='word_1_637' title='bbox 896 2510 1006 2555; x_wconf 79' lang='grc' dir='ltr'><em>φύσει</em></span> <span class='ocrx_word' id='word_1_638' title='bbox 1040 2513 1187 2554; x_wconf 81' lang='grc' dir='ltr'><em>χαρίεν,</em></span> <span class='ocrx_word' id='word_1_639' title='bbox 1222 2508 1317 2546; x_wconf 78' lang='grc' dir='ltr'><em>πολὺ</em></span> <span class='ocrx_word' id='word_1_640' title='bbox 1353 2510 1393 2546; x_wconf 90' lang='grc' dir='ltr'><em>δε</em></span> <span class='ocrx_word' id='word_1_641' title='bbox 1425 2506 1708 2565; x_wconf 80' lang='grc' dir='ltr'><em>ἒπικεκόσμηται</em></span> 
     </span>
     <span class='ocr_line' id='line_1_107' title="bbox 895 2554 1707 2603; baseline -0.001 -11"><span class='ocrx_word' id='word_1_642' title='bbox 895 2559 942 2603; x_wconf 83' lang='grc' dir='ltr'><em>τῇ</em></span> <span class='ocrx_word' id='word_1_643' title='bbox 975 2557 1171 2602; x_wconf 74' lang='grc' dir='ltr'><em>ἑρμηνεία·</em></span> <span class='ocrx_word' id='word_1_644' title='bbox 1207 2558 1269 2592; x_wconf 81' lang='grc' dir='ltr'><em>καὶ</em></span> <span class='ocrx_word' id='word_1_645' title='bbox 1307 2556 1381 2592; x_wconf 84' lang='grc' dir='ltr'><em>ε’στι</em></span> <span class='ocrx_word' id='word_1_646' title='bbox 1415 2555 1630 2599; x_wconf 79' lang='grc' dir='ltr'><em>χαριέστερα</em></span> <span class='ocrx_word' id='word_1_647' title='bbox 1662 2554 1707 2591; x_wconf 86' lang='grc' dir='ltr'><em>τό</em></span> 
     </span>
     <span class='ocr_line' id='line_1_108' title="bbox 895 2601 1706 2660; baseline -0.004 -21"><span class='ocrx_word' id='word_1_648' title='bbox 895 2617 934 2639; x_wconf 90' lang='grc' dir='ltr'><em>τε</em></span> <span class='ocrx_word' id='word_1_649' title='bbox 967 2604 1191 2648; x_wconf 70' lang='grc' dir='ltr'><em>χλωρηῒς,</em></span> <span class='ocrx_word' id='word_1_650' title='bbox 1232 2603 1293 2638; x_wconf 81' lang='grc' dir='ltr'><em>καὶ</em></span> <span class='ocrx_word' id='word_1_651' title='bbox 1332 2603 1375 2638; x_wconf 83' lang='grc' dir='ltr'><em>τὸ</em></span> <span class='ocrx_word' id='word_1_652' title='bbox 1411 2601 1706 2660; x_wconf 83' lang='grc' dir='ltr'><em>Πανδαρέου</em></span> 
     </span>
     <span class='ocr_line' id='line_1_109' title="bbox 895 2645 1706 2694; baseline 0 -9"><span class='ocrx_word' id='word_1_653' title='bbox 895 2664 948 2685; x_wconf 80' lang='grc' dir='ltr'><em>κο</em></span> <span class='ocrx_word' id='word_1_654' title='bbox 964 2649 1049 2694; x_wconf 83' lang='grc' dir='ltr'><em>ύρη</em></span> <span class='ocrx_word' id='word_1_655' title='bbox 1075 2651 1191 2685; x_wconf 72' lang='grc' dir='ltr'><em>εἰπεῖν</em></span> <span class='ocrx_word' id='word_1_656' title='bbox 1225 2646 1283 2684; x_wconf 77' lang='grc' dir='ltr'><em>ἐπὶ</em></span> <span class='ocrx_word' id='word_1_657' title='bbox 1308 2645 1484 2693; x_wconf 83' lang='grc' dir='ltr'><em>όρνιθος,</em></span> <span class='ocrx_word' id='word_1_658' title='bbox 1521 2646 1613 2693; x_wconf 74' lang='grc' dir='ltr'><em>ἅπερ</em></span> <span class='ocrx_word' id='word_1_659' title='bbox 1637 2650 1706 2685; x_wconf 78' lang='grc' dir='ltr'><em>τοῦ</em></span> 
     </span>
     <span class='ocr_line' id='line_1_110' title="bbox 894 2693 1706 2742; baseline 0 -11"><span class='ocrx_word' id='word_1_660' title='bbox 894 2698 1055 2742; x_wconf 87' lang='grc' dir='ltr'><em>ποιητοῦ</em></span> <span class='ocrx_word' id='word_1_661' title='bbox 1090 2697 1173 2731; x_wconf 78' lang='grc' dir='ltr'><em>ἴδια</em></span> <span class='ocrx_word' id='word_1_662' title='bbox 1205 2693 1289 2730; x_wconf 80' lang='grc' dir='ltr'><em>ἐστί.</em></span> <span class='ocrx_word' id='word_1_663' title='bbox 1335 2697 1382 2729; x_wconf 83' lang='lat' dir='ltr'><em>cf.</em></span> <span class='ocrx_word' id='word_1_664' title='bbox 1415 2696 1542 2729; x_wconf 79' lang='lat' dir='ltr'>Strabo</span> <span class='ocrx_word' id='word_1_665' title='bbox 1576 2696 1637 2735; x_wconf 80' lang='lat'><em>14,</em></span> <span class='ocrx_word' id='word_1_666' title='bbox 1671 2706 1706 2739; x_wconf 82' lang='lat' dir='ltr'><em>p-</em></span> 
     </span>
     <span class='ocr_line' id='line_1_111' title="bbox 896 2741 1705 2785; baseline -0.003 -6"><span class='ocrx_word' id='word_1_667' title='bbox 896 2745 975 2779; x_wconf 80' lang='lat'><strong>981.</strong></span> <span class='ocrx_word' id='word_1_668' title='bbox 1011 2743 1066 2778; x_wconf 84' lang='lat' dir='ltr'><em>vel</em></span> <span class='ocrx_word' id='word_1_669' title='bbox 1100 2744 1180 2778; x_wconf 78' lang='lat'><em>665.</em></span> <span class='ocrx_word' id='word_1_670' title='bbox 1224 2742 1323 2785; x_wconf 76' lang='lat' dir='ltr'><strong>Virg.</strong></span> <span class='ocrx_word' id='word_1_671' title='bbox 1358 2742 1490 2784; x_wconf 72' lang='lat' dir='ltr'><strong>Georg.</strong></span> <span class='ocrx_word' id='word_1_672' title='bbox 1523 2741 1565 2784; x_wconf 90' lang='lat'><em>4,</em></span> <span class='ocrx_word' id='word_1_673' title='bbox 1597 2743 1705 2777; x_wconf 87' lang='grc'><em>511..</em></span> 
     </span>
    </p>

    <p class='ocr_par' dir='ltr' id='par_1_8' title="bbox 896 2788 1707 2928">
     <span class='ocr_line' id='line_1_112' title="bbox 896 2788 1706 2835; baseline -0.002 -12"><span class='ocrx_word' id='word_1_674' title='bbox 896 2791 1009 2835; x_wconf 75' lang='lat' dir='ltr'><strong><em>qualis</em></strong></span> <span class='ocrx_word' id='word_1_675' title='bbox 1037 2791 1186 2834; x_wconf 83' lang='lat' dir='ltr'><em>populea</em></span> <span class='ocrx_word' id='word_1_676' title='bbox 1223 2799 1378 2822; x_wconf 80' lang='lat' dir='ltr'><em>moerens</em></span> <span class='ocrx_word' id='word_1_677' title='bbox 1413 2789 1604 2822; x_wconf 75' lang='lat' dir='ltr'><strong><em>Philomela</em></strong></span> <span class='ocrx_word' id='word_1_678' title='bbox 1644 2788 1706 2821; x_wconf 83' lang='lat' dir='ltr'><em>sub</em></span> 
     </span>
     <span class='ocr_line' id='line_1_113' title="bbox 896 2835 1706 2879; baseline -0.002 -9"><span class='ocrx_word' id='word_1_679' title='bbox 896 2837 1020 2871; x_wconf 80' lang='lat' dir='ltr'><em>umbra</em></span> <span class='ocrx_word' id='word_1_680' title='bbox 1046 2837 1198 2870; x_wconf 78' lang='lat' dir='ltr'><strong><em>Amissus</em></strong></span> <span class='ocrx_word' id='word_1_681' title='bbox 1222 2835 1376 2879; x_wconf 80' lang='lat' dir='ltr'><em>queritur</em></span> <span class='ocrx_word' id='word_1_682' title='bbox 1394 2837 1524 2877; x_wconf 76' lang='lat' dir='ltr'><em>foetus·</em></span> <span class='ocrx_word' id='word_1_683' title='bbox 1548 2854 1595 2859; x_wconf 93' lang='lat'><em>—-</em></span> <span class='ocrx_word' id='word_1_684' title='bbox 1627 2835 1706 2868; x_wconf 68' lang='lat' dir='ltr'><em>Flet</em></span> 
     </span>
     <span class='ocr_line' id='line_1_114' title="bbox 897 2880 1707 2928; baseline -0.004 -10"><span class='ocrx_word' id='word_1_685' title='bbox 897 2888 1028 2920; x_wconf 82' lang='lat' dir='ltr'><strong>noctem</strong></span> <span class='ocrx_word' id='word_1_686' title='bbox 1042 2909 1052 2928; x_wconf 88' lang='lat'><strong>,</strong></span> <span class='ocrx_word' id='word_1_687' title='bbox 1083 2892 1246 2928; x_wconf 74' lang='lat' dir='ltr'><em>ramoque</em></span> <span class='ocrx_word' id='word_1_688' title='bbox 1268 2880 1390 2916; x_wconf 72' lang='lat' dir='ltr'><em>sedeas</em></span> <span class='ocrx_word' id='word_1_689' title='bbox 1412 2881 1606 2917; x_wconf 72' lang='lat' dir='ltr'><em>miserabile</em></span> <span class='ocrx_word' id='word_1_690' title='bbox 1629 2892 1707 2915; x_wconf 81' lang='lat' dir='ltr'><strong><em>car-</em></strong></span> 
     </span>
    </p>
   </div>
   <div class='ocr_carea' id='block_1_6' title="bbox 1571 840 1755 886">
    <p class='ocr_par' dir='ltr' id='par_1_9' title="bbox 1571 840 1755 886">
     <span class='ocr_line' id='line_1_115' title="bbox 1571 840 1755 886; baseline 0 -10"><span class='ocrx_word' id='word_1_691' title='bbox 1571 840 1713 884; x_wconf 84' lang='grc' dir='ltr'><em>ὁμοίως</em></span> <span class='ocrx_word' id='word_1_692' title='bbox 1750 881 1755 886; x_wconf 42' lang='grc'><em>,</em></span> 
     </span>
    </p>
   </div>
  </div>
 </body>
</html>
