1821 3288
100 137 183 176 102
214 130 218 131 ⁷

716 129 1129 177 ὈΜΗΡΟΥ

267 241 402 286 οἶσθα
414 240 526 313 μὲν,
561 240 660 285 οἷον
687 240 794 298 ἐμὸν
824 243 958 298 μένος
986 236 1186 299 ἔμπεδον,
1216 234 1318 289 οὐδ’
1348 244 1585 292 ἐπιεικτόν·

268 299 347 350 ἕξω
378 297 440 349 δ’,
471 315 531 349 ως
558 299 628 342 ὅτε
649 315 715 350 τις
746 300 895 372 στερεὴ
925 301 1065 352 λίθος
1079 301 1128 357 ἠὲ
1157 303 1350 371 σίδηρος.

157 359 239 402 495
271 355 378 398 ἄλλο
409 353 456 398 δέ
485 371 554 398 τοι
583 355 791 409 ἐρέω,σύ
817 354 863 398 δ’
895 356 960 399 ἐνὶ
989 359 1119 413 φρεσὶ
1148 357 1315 428 βάλλεο
1335 362 1487 415 σησιν·

270 414 311 455 εἴ
337 409 378 467 χ’
409 409 496 455 ὑπὸ
528 414 646 468 σοίγε
676 412 780 462 θεὸς
811 411 983 483 δαμάσῃ
1012 420 1261 485 μνηστῆρας
1290 414 1501 470 ἀγαυούς,

268 467 323 524 δὴ
352 467 461 539 τότε
477 485 548 511 τοι
576 468 793 519 καταλέξω
822 469 888 512 ἐνὶ
918 471 1144 525 μεγάροισι
1171 477 1397 528 γυναῖκας,

268 527 321 570 αἵ
344 525 388 568 τέ
420 523 461 569 σ’
493 524 762 578 ἀτιμάζουσι,
790 525 864 568 καὶ
894 528 940 569 αἱ
968 527 1180 597 νηλίτιδές
1208 530 1331 572 εἰσι.“

353 580 443 636 Τήν
473 581 516 624 δ’
549 579 898 650 ἀπαμειβόμενος
926 583 1128 653 προσέφη
1146 584 1397 655 πολύμητις
1421 582 1681 638 Ὀδυσσεύς·

154 642 237 686 500
268 643 432 711 ,,μαῖα,
462 639 531 693 τίη
561 636 608 680 δὲ
639 637 693 680 6v
724 638 801 688 τὰς
828 639 1072 709 μυθήσεαι,
1103 639 1206 683 οὐδέ
1235 642 1277 683 τί
1306 653 1353 684 σε
1382 640 1485 697 χρή·

268 701 319 739 εὐ
349 711 404 737 νυ
435 695 508 737 καὶ
538 692 672 744 αὐτὸς
701 693 785 749 ἐγω
815 695 1059 768 φράσομαι,
1090 697 1166 739 καὶ
1196 696 1339 751 εἴσομ’
1373 698 1573 755 ἑκάστην.

269 750 367 795 ἀλλ’
400 750 480 819 έχε
496 753 597 822 σιγῆ
627 753 790 805 μῦθον,
821 753 1055 806 ἐπίτρεψον
1085 753 1132 796 δὲ
1161 756 1373 796 θεοῖσινιζ

334 806 424 857 Ὡς
454 805 532 860 ἄρ’
563 807 670 862 ἔφη·
702 806 838 863 γρηῢς
859 810 915 879 δὲ
940 811 1033 853 διὲκ
1062 809 1276 882 μεγάροιο
1298 808 1484 865 βεβηκει,

270 863 478 935 οἰσομένη
507 863 891 918 ποδάνιπτρα·τά
919 866 1005 937 ,γάρ
1035 866 1216 921 πρότερ’
1249 866 1400 921 ε’κχυτο
1430 866 1586 910 πάντα.

155 921 238 966 505
271 919 410 978 αὐτὰρ
443 920 535 963 ἐπει
564 921 691 970 νίψεν
720 937 777 972 τε,
807 923 883 965 καὶ
911 923 1091 979 ἤλειψεν
1122 924 1216 967 λίπ’
1248 923 1391 975 ἐλαίῳ,

269 979 392 1028 αὐτις
424 976 500 1030 ἀρ’
534 974 755 1031 ἀσσοτέρω
785 979 923 1032 πυρὸς
953 980 1098 1023 ἕλκετο
1129 982 1294 1035 δίφρον
1320 979 1560 1032 Ὀδυσσεύς

267 1031 549 1089 θερσόμενος,
581 1032 722 1097 ου’λην
754 1035 800 1079 δὲ
825 1035 935 1080 κατὰ
966 1037 1167 1092 ρακέεσσι
1195 1036 1376 1087 κάλυψε.

306 1160 517 1214 Penelope,
557 1163 737 1204 postquam
762 1160 873 1196 denuo
898 1162 1035 1196 dubium
1060 1173 1172 1196 rerum
1196 1173 1332 1197 suarum
1353 1164 1480 1197 statum
1506 1160 1648 1196 deflevit
1672 1163 1765 1208 apud

238 1207 432 1251 conjugem,
457 1206 620 1240 somnium
643 1206 742 1246 nimis
766 1209 981 1244 manifestum
1005 1215 1135 1244 narrat,

269 1290 384 1328 τοῖσι
411 1284 459 1328 δὲ
488 1284 646 1340 μυθων
673 1281 778 1356 ἦρχε
809 1288 1048 1358 περίφρων
1069 1285 1365 1358 Πηνελόπεια·

213 1341 240 1366 ik

271 1343 410 1393 ,Ηειι
416 1357 445 1392 ε,
476 1342 523 1383 τὸ
559 1343 639 1396 μέν
669 1340 711 1384 σ’
745 1344 806 1386 ἔτι
835 1344 1000 1387 τυτθὸν
1031 1343 1143 1413 ἐγων
1174 1343 1401 1399 εἰρήσομαι
1430 1339 1563 1400 αὐτή*

122 1447 128 1454 ,
157 1402 240 1449 510
271 1400 341 1441 καὶ
372 1399 458 1452 ’γάρ
489 1398 541 1452 δι]
574 1399 740 1442 κοίτοιο
772 1398 868 1455 τάχ’
901 1401 1069 1450 ἔσσεται
1097 1399 1226 1456 ἡδέος
1257 1400 1364 1469 ω’ρη,

121 1465 136 1479 “’
181 1477 183 1479 ·
271 1455 422 1499 ὅντινά
449 1453 491 1508 γ’
523 1453 666 1505 ὕπνος
697 1455 787 1498 ἕλοι
818 1457 1039 1510 γλυκερὸς,
1070 1457 1144 1499 καὶ
1173 1455 1421 1523 κηδόμενόν
1448 1471 1543 1512 περ.

213 1511 241 1541 ²3²
271 1511 411 1566 αὐτὰρ
444 1511 538 1566 ἐμοὶ
568 1527 643 1554 και
672 1512 837 1564 πένθος
869 1512 1110 1571 ἀμέτρητον
1139 1512 1247 1567 πόρε
1278 1515 1472 1569 δαίμων·

277 1568 423 1640 ἤματα
451 1568 531 1623 μὲν
546 1567 645 1638 γὰρ
671 1569 860 1638 τέρπομ’
891 1555 1150 1625 όδυρομένη,
1181 1568 1370 1625 γοόωσα,

272 1626 315 1676 ἐς
345 1624 385 1667 τ’
421 1624 499 1680 έμτὶ
531 1623 624 1679 ἔργ’
659 1624 836 1677 ὁρόωσα
865 1627 938 1669 καὶ
970 1626 1235 1681 ἀμφιπόλων
1267 1627 1330 1669 ἐνὶ
1360 1628 1491 1683 οἴκῳ·

158 1685 241 1728 515
273 1680 414 1735 αὐτάρ
446 1680 554 1736 ἐπὴν
584 1680 664 1732 νύξ
695 1684 816 1740 ἔλθῃ,
850 1683 971 1740 ἕλῃσί
1001 1700 1044 1726 τε
1078 1688 1224 1734 κοῖτος
1258 1683 1466 1734 ἅπαντας,

275 1744 422 1793 κεῖμαι
452 1738 513 1780 ἐνὶ
546 1737 720 1795 λέκτρῳ
751 1756 931 1784 πυκιναι
962 1741 1008 1783 δέ
1038 1758 1110 1795 μοι
1141 1737 1252 1795 ἀμφ’
1290 1738 1444 1789 ἀδινὸν
1473 1739 1556 1798 κῆρ

279 1795 418 1847 ὀξεῖαι
447 1796 690 1846 μελεδῶναι
720 1795 996 1852 ὀδυρομένην
1025 1797 1272 1848 ἐρέθουσιν.

273 1870 332 1911 ως
365 1850 409 1896 δ’
442 1850 514 1895 ὅτε
544 1852 807 1916 Πανδαρέου
837 1854 989 1913 κούρη,
1022 1854 1208 1916 χλωρηῒς
1235 1851 1399 1911 ἀηδών,

101 2017 251 2066 ποῖόν
275 2029 395 2056 68—-
429 2019 670 2063 666vvmv3
701 2019 743 2054 Il.
776 2017 822 2061 6¹,
846 2020 915 2054 350

101 2062 168 2100 e'tc
188 2085 232 2090 —
258 2064 506 2103 ἐπιεικτὸν
529 2080 632 2102 sensu
658 2067 784 2107 activo,
811 2071 848 2100 ut
872 2066 912 2099 ΙΙ.

102 2111 142 2154 ε’,
167 2112 318 2146 892etc
344 2115 399 2148 E:
422 2114 498 2150 ε’στι
525 2114 561 2149 δ’
586 2110 826 2149 ἐπιεικτὸν
850 2125 915 2146 κυ-

101 2160 190 2198 ρίως
220 2158 262 2193 τὸ
296 2157 396 2195 εἶκον
433 2160 538 2216 ἁφῇ,
574 2174 624 2202 ως
658 2157 837 2211 μαλακόν.
869 2177 915 2182 -

103 2204 204 2247 ἔξω,
229 2205 398 2262 κατάσχω
424 2205 464 2242 τὸ
486 2209 652 2252 πρᾶγμα,
677 2204 824 2261 σιὶήσω,
848 2217 915 2239 κοι-

101 2249 208 2287 τάτὸ
235 2247 324 2286 ἄλλ’
351 2252 547 2298 ἔχεσιγῇ
569 2255 742 2309 μυθον,
760 2248 916 2287 <luam-

99 2297 194 2341 τέρω
219 2298 326 2352 (502)
350 2303 490 2334 κεῖται·
519 2298 545 2344 ἢ
567 2300 629 2334 καὶ
656 2296 774 2336 ἄλλως
789 2297 915 2332 κοινό-

101 2356 207 2388 τερον
233 2340 319 2381 οἷντὶ
343 2346 413 2380 τοῦ
439 2347 619 2388 διατεθῶ,
646 2343 713 2390 ἐφ’
739 2343 795 2384 οἱς
820 2357 916 2386 παρ-

85 2406 91 2411 ·
152 2390 295 2434 γέλλεις,
320 2393 525 2433 ιῐιειῑιοιίῑετ,
549 2393 684 2449 opinor,
713 2391 800 2424 Plut.
827 2391 850 2424 l.
872 2390 916 2423 de

102 2404 337 2476 αὔτ”οτιιιίῐωῐος
373 2436 441 2481 ἔξω
468 2436 506 2472 6'
541 2437 632 2483 η’ὕτε
664 2450 732 2479 περ
756 2435 914 2481 κρατερὴ

103 2484 214 2526 δρῦς,
246 2481 289 2526 ἦε
323 2485 482 2529 σίδηρος.
526 2485 630 2518 semel
654 2484 742 2517 dixit
772 2485 916 2518 λίθον

103 2541 229 2574 genere
253 2530 428 2566 feminino.
462 2535 611 2567 ceterum
635 2542 670 2564 v.
695 2531 773 2567 211.
798 2549 843 2554 -
869 2529 922 2564 αι’

101 2595 148 2601 -
173 2575 310 2610 εἰσιν.
342 2574 390 2615 π’,
414 2576 495 2611 317.
528 2577 779 2625 νηλίτιδες
815 2578 854 2610 Α.
884 2578 915 2611 1.

103 2627 140 2655 et
165 2624 238 2654 Am.
266 2622 305 2655 B
330 2622 379 2656 Ε.
407 2641 449 2646 -
474 2626 694 2678 ιηλιτεῖς
716 2622 822 2666 (quae
842 2614 915 2654 vul-

103 2673 187 2711 gata
211 2668 384 2713 scriptura
408 2668 490 2712 est)
516 2687 584 2712 —‚
608 2666 632 2714 ἢ
657 2669 915 2712 νηλίτιδες.

104 2713 614 2759 cf.Scl1n.v.v›7Mzry9.-—
650 2713 916 2757 ἐπίτρεψον

105 2757 156 2793 ὸε
190 2761 411 2801 θεοῖσιν,
451 2766 484 2794 ct
519 2762 586 2798 diis
627 2773 700 2795 rem
733 2761 916 2799 committe.

104 2804 262 2838 similiter
287 2804 338 2847 φ’,
361 2807 441 2847 279,
468 2805 511 2850 χ’,
536 2808 616 2844 289-
641 2807 685 2841 cf.
713 2805 756 2845 0',
779 2807 824 2840 94
850 2812 916 2840 etc.

104 2832 596 2898 -αυταρ-ἶέλαίςο,
628 2851 917 2896 γ’,466,11.ν.’,

106 2897 172 2931 577
198 2901 262 2937 etc.
287 2917 332 2922 -—
367 2899 509 2939 αύτις
531 2918 578 2929 -.-
601 2897 917 2954 θερσόιιενος.

106 2943 151 2976 cs.
176 2941 219 2986 ρ’,
245 2934 325 2986 572,
350 2945 406 2981 73.
432 2945 479 2980 E.
506 2943 611 2986 αὖτις
635 2942 821 2990 ἀσσοτέρω
847 2958 917 2980 nv-

962 2023 1027 2068 ρὸς
1056 2025 1128 2060 τοῦ
1153 2023 1248 2059 κατὰ
1278 2021 1348 2079 τήν
1373 2020 1535 2067 ἐσχάραν
1567 2018 1687 2056 ἕλκετο
1716 2018 1774 2055 δι’·

963 2084 1060 2115 φρον
1082 2069 1164 2107 Ὀδ.
1188 2067 1512 2126 θερσόμενος,
1537 2064 1662 2124 ἤγουν
1684 2067 1782 2110 &sq-²

961 2115 1267 2162 μανθησόμενος,
1313 2129 1364 2156 ως
1404 2114 1468 2150 διὰ
1507 2112 1549 2150 τὸ
1588 2114 1774 2158 νίψεσθαι

960 2163 1181 2209 ποῤῥωτέρω
1206 2162 1416 2209 γενόμενος.

1008 2234 1088 2269 509.
1121 2232 1166 2267 cf.
1194 2231 1274 2268 104.
1309 2228 1515 2274 τυτθόν,
1544 2228 1702 2275 paulum.
1734 2225 1771 2271 ι’,

962 2278 1031 2314 483
1056 2286 1124 2313 etc.

1007 2348 1086 2382 512
1128 2347 1192 2384 καὶ
1221 2344 1345 2380 inutile
1378 2348 1443 2382 est.
1496 2355 1662 2389 ponamus
1695 2340 1771 2384 κὲν,

962 2395 1055 2438 quod
1080 2394 1216 2440 mitigat
1239 2393 1440 2427 orationem.
1475 2390 1669 2436 particulae
1692 2400 1773 2424 sae-

962 2452 1040 2485 ptus
1066 2442 1245 2474 confusae.
1272 2450 1305 2472 v.
1331 2436 1374 2482 δ’,
1400 2438 1481 2472 546.

1007 2509 1130 2543 515.—
1141 2509 1221 2543 517.
1257 2507 1360 2540 Soh.:
1385 2508 1561 2543 κοῖτος.
1598 2500 1682 2540 ἀντὶ
1703 2504 1774 2539 τοῦ

960 2551 1089 2595 ν’πνος.
1136 2556 1223 2600 Ap:
1255 2556 1439 2594 κοῖτος,
1475 2550 1494 2587 ὁ
1523 2549 1644 2592 ν’πνος
1677 2547 1697 2585 ὅ
1733 2549 1774 2585 ἐν

960 2603 1007 2647 τῇ
1048 2602 1173 2645 κοίτῃ·
1228 2600 1401 2634 κοίτου
1440 2597 1488 2633 τ’
1533 2595 1771 2652 ἐμνήσαν-

960 2661 1024 2683 το.
1059 2648 1101 2692 (27
1124 2659 1158 2680 v.
1182 2642 1231 2689 η’,
1258 2647 1356 2689 138.)
1381 2663 1426 2670 -
1460 2641 1635 2680 ἀδινὸν
1659 2646 1769 2697 κῆρ.

960 2705 994 2727 v.
1030 2694 1070 2728 Il
1106 2690 1155 2733 π’,
1188 2694 1254 2727 481
1293 2699 1328 2725 et
1356 2691 1459 2726 Schn.
1491 2703 1525 2727 v.
1560 2686 1700 2728 ἀδινός.
1723 2708 1773 2715 -—

963 2753 987 2782 μ
1004 2743 1046 2773 ελ
1058 2752 1072 2774 ε
1084 2740 1144 2773 6
1117 2753 1142 2772 ω
1155 2751 1176 2772 ν
1188 2751 1211 2772 α
1225 2752 1236 2772 ι
1250 2764 1260 2781 ,
1284 2736 1526 2780 μελεδήματα.
1564 2735 1774 2780 μελεδῶνας

964 2785 1055 2820 dxxit.
1078 2786 1225 2830 scriptor
1250 2784 1365 2829 hymni
1388 2784 1424 2817 in
1447 2783 1560 2828 Apoll.
1583 2783 1664 2817 532.

1010 2855 1130 2889 518—
1139 2853 1219 2888 523.
1252 2852 1303 2885 Ε·
1335 2847 1401 2885 τὸν
1437 2848 1477 2885 δὲ
1481 2849 1582 2905 ”mol
1602 2849 1672 2903 τῆς
1704 2845 1774 2892 ἀη-

964 2897 1075 2940 66v03
1099 2900 1226 2942 μῦθον
1252 2896 1443 2942 ὁιαφόρως
1473 2893 1557 2937 ἤτοι
1587 2891 1775 2938 ἀνομοίως

964 2959 1020 2982 το.
1028 2959 1043 2987 3
1067 2957 1174 2982 ιεωτ
1164 2945 1258 2990 ροις
1283 2941 1562 2989 (v.Ap0110d.3,
1586 2943 1639 2984 13,
1665 2940 1773 2976 Ovid.
