1821 3251
742 46 1146 114 οΜΗΡον

270 182 492 233 Ἀντίνοος
520 178 566 226 δ’
597 180 728 226 εἴωθε
759 183 907 232 κακῶς
932 180 1177 251 ἐρεθιζέμεν
1207 181 1294 225 αἰεὶ

160 243 242 286 395
271 240 482 309 μύθοισιν
509 242 775 311 χαλεποῖσιν,
808 238 1038 292 ἐποτρύνει
1077 238 1123 280 δὲ
1152 238 1227 281 καὶ
1257 239 1427 288 ἄλλους
1433 243 1458 263 “

343 293 404 338 ἲΗ
429 296 497 366 ῥα,
526 296 601 339 καὶ
622 295 849 339 Ἀντίνοον
880 294 984 337 ἔπεα
1013 293 1247 348 πτερόεντα
1276 295 1535 368 προσηύδα·

272 350 500 406 ,,Ἀντίνο’,
530 349 560 407 ἦ
587 369 668 408 μευ
698 353 808 396 καλὰ
837 350 979 420 πατὴρ
1011 349 1070 401 ὡς
1096 351 1251 406 κήδεαι
1280 350 1394 405 υἷος,

273 407 321 459 ὃς
349 409 428 452 τόν
458 411 600 461 ξεῖνον
630 410 804 464 ἄνωγας
834 406 922 450 ἀπὸ
952 407 1163 463 μεγάροιο
1195 410 1370 454 δίεσθαι

272 465 402 534 μύθῳ
434 465 679 536 ἀναγκαίῳ.
702 483 760 520 μη
789 468 923 507 τοῦτο
953 464 1058 514 θεὸς
1087 465 1285 508 τελέσειεέ

157 526 240 569 400
271 521 348 573 δός
382 523 425 566 οἱ
454 522 592 566 ελώνί
623 520 679 564 οὔ
707 538 776 564 τοι
807 519 1012 589 φθονέω·
1042 520 1224 576 κέλομαι
1251 522 1337 594 γὰρ
1369 522 1514 578 εγωγε,

269 577 371 649 μήτ’
407 575 491 622 οὖν
521 576 662 633 μητέρ’
695 576 804 632 έμήν
835 576 938 629 ἅζευ
967 575 1080 631 τόγε,
1110 577 1216 634 μήτε
1244 577 1324 622 τιν’
1355 580 1490 624 ἄλλον

271 633 459 704 δμώων,
479 638 523 678 ο“ι
551 635 660 677 κατὰ
692 633 863 687 δώματ’
890 632 1133 702 Ὀδυσσῆος
1162 635 1320 678 θείοιο.

270 691 368 735 ἀλλ’
403 690 459 735 οὔ
488 707 556 734 τοι
586 694 791 734 τοιοῦτον
827 690 891 734 ἐνὶ
921 688 1129 743 στήθεσσι
1157 689 1325 744 νόημα·

271 747 404 799 αὐτός
432 747 516 803 γάρ
549 749 743 804 φαγέμεν
771 746 888 790 πολυ
919 746 1101 804 βούλεαι
1129 745 1158 803 ἢ
1189 747 1321 803 δόμεν
1351 746 1511 804 ἄλλῳ.“

320 849 458 884 Antinoi
480 851 623 885 verbum
648 850 845 895 factumque
868 848 1050 884 illiberale.
1073 861 1173 896 quem
1197 853 1323 892 tamen,
1347 852 1539 885 ceterorum
1563 849 1660 886 donis
1682 861 1767 885 onu-

237 900 326 939 stus,
353 899 454 931 etiam
480 897 589 942 ipsum
615 897 798 942 alloquitur
823 896 980 941 Ulysses.

155 967 238 1012 405

360 965 447 1008 Τὸν
479 963 524 1007 δ’
554 961 653 1008 αὖτ’
683 963 907 1033 ’Λντίνορς
942 962 1295 1020 ἀπαμειβόμενος
1320 963 1570 1047 προσέειπε·

269 1054 294 1075 ,,
314 1020 530 1091 Τηλέμαχ’
561 1021 778 1076 ὑψαγόρη,
809 1020 943 1076 μένος
974 1021 1134 1077 ἄσχετε,
1163 1025 1294 1064 ποῖον
1326 1022 1492 1072 έ’.ἐιπες

269 1081 310 1122 εἴ
338 1081 381 1122 οἵ
410 1077 569 1122 τόσσον
600 1078 788 1128 ἅπαντες
819 1077 1015 1132 ὀρέξειαν
1043 1082 1299 1150 μνηστῆρες,

268 1137 344 1180 καί
373 1137 449 1178 κέν
462 1153 566 1207 Μμιν,
585 1140 701 1190 τρεῖς
730 1139 872 1190 μῆνας
902 1133 1159 1186 ἀπόπροθεν
1189 1140 1314 1184 οἰκος
1343 1133 1542 1188 έρύκοιέ*

337 1191 420 1242 Ὡς
454 1191 520 1245 ἄρ’
532 1192 672 1263 ἔφη,
681 1192 755 1234 καὶ
783 1195 959 1246 θρῆνυν
990 1190 1102 1234 έλων
1129 1189 1206 1234 ὑπ’
1240 1191 1372 1246 ἔφηνε
1400 1191 1585 1259 τραπέζῃ

155 1251 238 1294 410
269 1250 482 1317 κείμενον,
515 1251 548 1303 ᾠ
580 1248 625 1304 ῥ’
659 1264 805 1304 επεχεν
835 1248 1049 1302 λιπαροῦς
1076 1247 1216 1299 πόδας
1245 1249 1553 1300 εἰλαπινάζων·

270 1307 315 1348 οἱ
344 1305 385 1348 6'
419 1304 547 1348 ἄλλοι
576 1304 735 1356 πάντες
767 1306 975 1356 δίδοσαν,
1004 1308 1177 1359 πλῆσαν
1208 1303 1251 1347 δ’
1283 1321 1370 1356 αρα
1399 1305 1547 1360 πήρην

269 1366 405 1415 σίτου,
435 1363 510 1406 καὶ
541 1366 713 1418 κρειῶν.
743 1361 853 1418 τάχα
883 1360 937 1418 δὴ
969 1361 1043 1406 καὶ
1073 1361 1246 1418 ἔμελλεν
1275 1360 1526 1415 Ὀδυσσεὺς,

99 1498 178 1540 tim,
213 1501 253 1533 nt
283 1497 443 1539 τούτους
468 1498 634 1544 (procos)
667 1496 714 1546 β’,
748 1496 815 1541 74,
851 1496 910 1533 ubi

100 1557 131 1578 v.
164 1557 241 1578 ann.
258 1570 267 1587 ,
304 1553 340 1579 et
372 1546 418 1579 cf.
442 1546 523 1604 1566.
557 1566 602 1572 -
645 1542 911 1589 ἐποτρύνει

98 1589 148 1626 δὲ
173 1590 353 1634 ἐρεθίζειν
377 1592 456 1627 καὶ
484 1590 679 1633 ἄλλους,
704 1593 810 1626 etiam
823 1592 910 1626 alios

97 1639 248 1693 instigat
279 1639 498 1673 maledicere.
532 1657 577 1662 —
624 1639 676 1672 E:
705 1635 907 1673 Ἀντίνο’

96 1703 143 1708 —-
177 1687 328 1728 ἔγωγε.
385 1682 444 1720 ότι
471 1681 663 1719 Ἀντινόου
708 1686 913 1725 δοκοῦντος

97 1729 239 1766 ἐθέλειν
265 1732 476 1775 διωχθῆναι
508 1731 575 1765 τὸν
609 1729 756 1775 πτωχὸν
775 1731 909 1767 Ὀδυσ-

98 1776 182 1821 σέα,
227 1778 290 1812 ἴνα
335 1780 454 1821 δῆθεν
491 1776 542 1822 μὴ
575 1777 754 1822 τρύχηται
786 1776 806 1813 ὁ
839 1779 911 1812 τοῦ

102 1823 320 1869 Τηλεμάχου
342 1823 456 1865 οἶκος,
473 1826 760 1868 εἰρωνευόμενος
776 1822 795 1859 ὁ
821 1827 909 1869 Τηλ.

97 1874 277 1912 παντοῖος
307 1873 460 1914 γίνεται.
511 1872 569 1916 (ιι.
595 1883 624 1904 e.
659 1872 771 1904 omnia
802 1882 909 1916 expe-

97 1919 209 1959 ritur,
251 1918 360 1951 variis
395 1916 500 1951 modis
541 1917 684 1951 lacessit
714 1916 907 1951 Antinoum.

96 1964 270 2021 Luci’anus
294 1964 614 2005 Eunuch.§.11.:
644 1962 707 1997 καὶ
730 1967 910 2001 παντοῖος

96 2005 145 2053 ἦν
172 2009 209 2051 ἐς
232 2013 349 2054 μυρία
372 2022 606 2053 τραπομένος
628 2006 815 2054 χρώματα.
863 2010 909 2043 cf.

95 2057 200 2090 Schn.
238 2068 272 2091 V.
305 2056 517 2098 παντοῖος.)
573 2056 634 2090 καὶ
679 2056 810 2099 πρῶτα
842 2067 909 2098 μεν

95 2104 314 2138 εἰσποιεῖται
339 2101 457 2138 αὐτὸν
482 2099 654 2145 (ἑαυτὸν)
684 2100 733 2143 ὡς
761 2103 815 2143 εἰς
839 2115 912 2136 πα-

95 2148 206 2193 τέρα,
240 2148 303 2184 οἷα
330 2146 394 2193 :viv
426 2148 566 2204 μητέρα
596 2147 910 2192 μνηστευόμενον·

96 2200 176 2230 elme
208 2197 391 2240 μέμφεται
428 2192 478 2235 ὡς
513 2193 559 2229 ού
595 2195 714 2234 καλῶς
746 2196 909 2239 λέγοντα,

94 2256 127 2278 κ.
142 2241 339 2284 ἐπιτρέπει
364 2242 510 2286 ἐλεῆσαι
527 2241 593 2275 τόν
619 2242 736 2284 ξένον,
755 2240 909 2286 ἐλέγχων

96 2287 146 2329 ὥς
172 2290 371 2332 φειδωλόν.
413 2308 455 2313 --
490 2287 626 2328 καλα,
661 2290 790 2328 καλῶς.
839 2288 908 2322 460

96 2342 163 2368 etc.
188 2355 234 2361 —
268 2337 483 2376 δίεσθαι,
516 2313 676 2370 διωκέιν.
709 2334 827 2377 (317.)
860 2352 907 2358 -

95 2380 233 2426 μύθῳ
260 2380 529 2426 ἀναγκαίῳ,
555 2380 670 2424 ἤγουν
688 2385 908 2424 ἀναγκαστι-

95 2428 146 2475 κῷ
174 2428 373 2471 (violento).
419 2428 477 2483 μή
512 2428 657 2462 τοῦτο
692 2427 812 2467 θεὸς
843 2439 906 2461 τε·

96 2476 300 2516 λέσειεν,
333 2473 351 2509 ὁ
387 2475 503 2516 ξέιιος
534 2473 689 2528 δηλαδή.
722 2494 767 2498 —-
799 2470 906 2517 μήτ’

96 2517 198 2561 οὖν,
231 2533 339 2565 neque
363 2521 485 2574 igitur,
521 2521 679 2564 quoniam
712 2532 775 2563 ego
804 2519 906 2564 jussi,

95 2567 198 2600 herus
209 2567 325 2600 minor.
350 2567 459 2600 minus
470 2568 555 2600 bene
567 2567 646 2600 libri
659 2566 797 2610 quidam
812 2567 905 2624 apud

96 2612 170 2645 Cl.:
195 2611 312 2657 μήτε
337 2627 404 2653 τι,
431 2615 469 2646 Α.
496 2616 545 2646 1.:
571 2612 827 2668 μήτέτιμητέρ
848 2611 903 2653 ἐμ.

96 2657 132 2692 ἅ.
153 2659 253 2694 το’.δε
271 2679 318 2684 -
342 2657 477 2701 ἅζευ,
503 2658 600 2701 agee,
615 2670 745 2694 verere
778 2656 812 2701 ι’,
835 2659 904 2694 478

95 2704 134 2737 Il.
159 2704 206 2747 α’,
231 2708 274 2740 21
300 2710 366 2740 etc
401 2725 446 2730 —-
482 2704 800 2740 σι’-θείοιο.
849 2705 905 2739 in-

95 2750 169 2786 tell.
193 2751 300 2792 εἰσὶν,
325 2751 435 2796 ellipsi
461 2751 747 2796 frequentissima.
758 2771 803 2776 —
826 2748 906 2785 αύ-

95 2795 177 2837 τὸς
208 2816 253 2822 -
293 2796 428 2843 αλλῳ.
478 2797 581 2856 ὅπερ
619 2799 907 2853 αἰσχροκερδοῦς

97 2843 206 2878 ἴδιον.
232 2862 277 2869 -
301 2845 393 2899 λέγει
417 2840 508 2887 πρὸς
531 2845 573 2879 τὸ
598 2842 678 2884 δός
704 2844 749 2878 oz
779 2843 906 2886 ἔλων,

98 2888 147 2929 ὥς
170 2890 220 2925 εἰ
243 2889 286 2924 οἱ
309 2888 486 2925 τόσσον
509 2909 554 2915 -
575 2889 766 2934 ἐρύκοι,
801 2904 908 2926 τουτ-

98 2935 212 2980 έστιν,
243 2935 309 2974 ἐὰν
333 2936 370 2974 οἱ
391 2938 594 2983 μνηστῆρες
616 2935 750 2980 πάντες
775 2938 907 2975 τοσοῦ-

956 1510 1023 1535 τον
1048 1498 1151 1534 δοῖεν
1174 1498 1228 1555 τῷ
1249 1498 1395 1545 πτωχῷ,
1419 1495 1539 1533 πολύν
1564 1511 1610 1533 αν
1605 1511 1764 1550 καιρον

956 1544 1131 1590 διαγάγοι
1153 1544 1204 1590 μὴ
1237 1534 1367 1581 ἐλθών
1396 1546 1450 1587 εἰς
1479 1544 1546 1580 τόν
1579 1544 1696 1581 οἷκον.
1743 1545 1766 1583 6

957 1593 1067 1648 δηλοῖ
1093 1592 1328 1637 φαινομένως
1357 1603 1426 1636 μεν
1457 1590 1596 1646 πολλὴν
1617 1590 1766 1636 ἐλεομο-

956 1638 1074 1684 σύνην
1097 1639 1164 1673 τοῦ
1188 1640 1339 1682 πτωχοῦ
1370 1637 1409 1681 ἐξ
1440 1635 1579 1693 αύτοοῦ,
1613 1637 1766 1684 ἀληθῶς

956 1685 997 1721 δε
1020 1684 1161 1747 πληγήν
1192 1685 1354 1730 μεγάλην
1384 1697 1418 1719 κ.
1446 1686 1595 1741 τραῦμα
1626 1685 1768 1728 δεινὸν,

956 1730 1009 1767 δι’
1045 1731 1090 1768 ου
1124 1731 1244 1767 πολύν
1282 1731 1417 1788 χρόνον
1452 1731 1521 1766 οὐκ
1555 1727 1602 1765 ἄν
1635 1733 1692 1777 ἰσχ
1695 1731 1739 1767 ύσ

955 1779 1081 1814 ἐλθεῖν
1106 1780 1158 1819 εἰς
1188 1777 1254 1813 τὸν
1289 1781 1360 1814 τοῦ
1381 1775 1586 1817 Ὀδυσσέως
1610 1746 1714 1814 οἶκον
1743 1793 1764 1815 ο

955 1827 1102 1881 πληγεὶς
1134 1824 1296 1868 πτωχὸς,
1334 1826 1398 1860 ἵνα
1429 1825 1533 1880 λέγῃ,
1564 1821 1624 1860 ότι
1658 1823 1766 1861 δώσω

955 1870 1043 1916 μὲν,
1067 1870 1161 1906 α’λλοὶ
1186 1870 1313 1916 δεινὴν
1333 1870 1484 1916 πληγήν.
1496 1891 1542 1895 -
1564 1872 1767 1916 θρῆνυν,

955 1917 1184 1953 ὑποπόδιον.
1232 1918 1280 1960 α’,
1305 1919 1392 1960 131,
1418 1918 1458 1951 ΙΙ.
1484 1915 1525 1960 ξ’,
1550 1918 1619 1952 240
1643 1925 1708 1952 etc.
1718 1939 1766 1945 —

955 1963 1043 1999 ὑπ’
1071 1965 1236 2020 ε’φηνε
1269 1963 1479 2009 τραπέζῃ
1518 1965 1764 2007 κείμενον.

956 2011 990 2044 ιι.
1012 2023 1041 2044 e.
1068 2009 1126 2055 έφ.
1140 2008 1385 2054 υποκείμενον
1406 2010 1575 2055 τραπέζῃ.
1610 2009 1660 2044 sic
1678 2023 1764 2046 non-

957 2057 1041 2090 nulli
1065 2058 1157 2099 apud
1177 2058 1253 2097 C1.‚
1279 2064 1314 2090 et
1337 2063 1432 2090 recte
1457 2057 1606 2111 quidem.
1654 2058 1763 2092 minus

955 2103 1043 2137 bene
1078 2104 1108 2136 E
1146 2108 1180 2136 et
1212 2103 1314 2147 vulgo
1346 2103 1445 2137 edd.·
1477 2100 1648 2156 υπέφηνε
1680 2117 1764 2148 τρα-

955 2149 1042 2194 πέζῃ
1078 2162 1110 2182 κ.
1122 2176 1131 2192 ,
1172 2151 1262 2193 quod
1295 2149 1345 2182 ita
1379 2148 1531 2194 explicat
1563 2150 1758 2207 interpres.

955 2191 997 2231 ὀν
1022 2196 1190 2240 κείμενον
1224 2195 1263 2231 ἐν
1287 2196 1333 2240 τῇ
1357 2195 1541 2252 τραπέζῃ,
1574 2197 1636 2231 καὶ
1668 2195 1763 2232 ὑπο-

953 2254 1120 2298 κειμενον
1143 2245 1223 2282 τοῖς
1246 2244 1379 2284 ποσὶν,
1410 2240 1622 2288 υπέφῃνεν,
1645 2241 1763 2287 ἤγουν

952 2286 1127 2323 ὐποκάτω
1153 2288 1308 2345 ἔφηνεν,
1331 2278 1574 2344 υπεξαγαγών
1597 2290 1671 2322 τῶν
1693 2302 1763 2335 πο-

953 2336 1048 2376 δῶν,
1077 2333 1126 2375 ὡς
1152 2333 1198 2369 ὂῖν
1224 2334 1300 2379 έχοι
1324 2333 1418 2381 ρᾴον
1438 2335 1558 2370 αὐτου
1575 2331 1762 2393 ἐπικύψας

952 2381 1149 2425 α’ψασθαι,
1173 2378 1234 2416 ὅτε
1258 2371 1406 2424 θελήσει
1428 2380 1522 2416 κατὰ
1544 2383 1612 2416 τοῦ
1627 2379 1762 2418 Ὀδυσ-

952 2431 1040 2468 σέως
1065 2431 1202 2472 βαλεῖν.
1249 2427 1371 2468 vides,
1408 2439 1452 2461 ne
1482 2428 1591 2473 ipsum
1625 2429 1759 2472 quidem

951 2475 1170 2509 Eustathium
1195 2480 1289 2508 certo
1312 2473 1474 2512 scivisse,
1511 2485 1578 2518 quo
1611 2475 1761 2509 referret

951 2522 992 2556 τὸ
1026 2524 1215 2563 κειᾛμειον,
1258 2532 1322 2553 nec
1353 2520 1533 2564 intelligo,
1575 2520 1658 2564 quid
1692 2520 1759 2554 sibi

951 2568 1035 2602 velit
1058 2568 1140 2601 illud
1165 2568 1332 2609 κείμενον
1356 2573 1394 2600 ἐν
1411 2567 1456 2611 τῇ
1481 2569 1646 2611 τραπέζῃ.
1695 2577 1759 2611 pe-

947 2614 1003 2658 jus
1028 2614 1152 2654 etiam,
1187 2624 1272 2667 pace
1303 2613 1505 2668 optimorum
1531 2613 1678 2646 virorum
1704 2613 1758 2646 di-

950 2660 1080 2701 xerim,
1111 2659 1343 2693 recentiores:
1376 2657 1543 2702 ὑπέφηνε
1567 2658 1757 2702 τραπέζης,

951 2686 1135 2740 secund'um
1162 2706 1262 2739 MSS.
1293 2707 1317 2739 2
1351 2705 1505 2739 Thomae
1531 2705 1684 2748 Bentleji.
1713 2723 1758 2729 —

953 2748 981 2798 ᾧ
1005 2771 1047 2777 -
1075 2751 1413 2793 εἰλαπινάζων.
1463 2763 1497 2784 ν.
1519 2749 1623 2792 ΙΙ.’,ξ
1652 2750 1732 2784 241.

998 2798 1193 2833 412-418.
1239 2795 1638 2850 τάχα-Ἀχαιῶν.
1668 2797 1760 2841 jam-

953 2856 1020 2889 que
1043 2856 1125 2878 sane
1160 2845 1194 2878 in
1232 2857 1273 2879 eo
1308 2848 1384 2878 erat
1417 2842 1584 2886 Ulysses‚
1618 2848 1677 2884 ut,
1712 2842 1757 2876 ad

951 2891 1052 2925 limen
1076 2902 1274 2935 regressus,
1301 2891 1462 2933 forasque
1485 2888 1623 2930 abiens,
1653 2888 1758 2922 Achi-

954 2949 1093 2981 vorum,
1119 2940 1154 2973 ιι.
1175 2949 1207 2972 e.
1233 2942 1422 2972 ceterorum
1446 2915 1674 2969 Ithacensi’um
1700 2934 1754 2977 (v,
