1821 3288
117 125 226 166 292v

619 125 658 165 3.
717 123 882 164 ΕΙΣ
933 123 1283 168 ΕΡΜΗΝ.

289 228 464 299 ζώουσ’·
496 229 552 303 ἢν
578 231 627 303 δὲ
656 231 823 289 θάνῃς,
854 230 953 274 τότε
980 228 1017 286 γ’
1049 231 1106 274 ἀν
1115 233 1249 301 μάλα
1277 238 1413 280 καλὸν
1442 236 1646 292 άείδοις.“

354 286 438 338 Ὼς
468 286 544 342 ἄρ’
575 287 680 344 ἔφη,
709 291 782 332 καὶ
814 288 962 342 χερσὶν
992 286 1070 342 ἅμ’
1102 287 1402 361 ἀμφοτέρῃσιν
1432 294 1580 352 ἀείρας

203 344 259 388 40
288 341 351 393 ἂψ
381 345 482 386 εἴσω
510 346 576 387 κίε
607 348 750 399 δῶμα,
781 346 929 398 φέρων
959 343 1182 398 ἐρατεινὸν
1211 347 1406 417 ἄθυρμα.

230 406 250 427 *
289 398 388 442 ε”νθ
410 399 701 470 άναπηλήσας
729 399 942 468 γλυφάνῳ
970 405 1144 444 πολιοῖο
1175 404 1360 460 σιδήρου

290 455 420 499 αἰῶν’
461 457 711 527 ἐξετόρησεν
749 455 990 525 ὀρεσκῴοιο
1020 458 1220 513 χελώνης.

289 511 348 563 ὥς
376 511 424 556 δ’
456 512 581 556 ὁπότ’
616 510 708 556 mm)
743 514 886 569 νόημα
920 514 993 557 δια
1024 515 1223 567 στέρνοιο
1258 516 1427 576 περήσῃ

287 568 466 622 ἀνέρος,
498 568 596 612 ὅντε
624 571 803 624 θαμειαὶ
832 570 1141 639 ἐπιστρωφῶσι
1176 573 1394 629 μέριμναι,

199 627 254 670 45
285 624 314 694 ἢ
343 625 413 668 ὅτε
440 627 686 694 δινηθῶσιν
715 625 793 669 ἄπ’
824 625 1078 695 ὀφθαλμῶν
1099 628 1334 684 ἀμαρυγαὶ,

287 680 346 732 ὡς
375 679 450 735 ἅμ’
490 683 593 753 ἔπος
621 699 687 736 τε,
719 683 791 726 καὶ
821 683 968 738 ἔργον,
1000 682 1180 739 ἐμήδετο
1212 686 1398 742 κύδιμος
1422 687 1590 746 Ερμῆς.

284 740 406 806 πῆξε
418 736 460 780 δ’
493 737 570 793 ἄρ’
604 739 650 782 ἐν
681 739 873 793 μέτροισι
901 741 1050 795 ταμών
1081 740 1271 793 δόνακας
1300 744 1529 800 καλάμοιο,

282 792 488 849 πειρήνας
518 796 590 838 διά
621 800 737 839 νῶτα
767 797 1039 852 λιθορὁνοιο
1072 798 1276 854 χελώνης,

284 850 399 905 άμφι
430 850 474 918 δὲ
508 852 644 905 δέρμα
672 854 859 897 τάνυσσε
888 854 992 908 βοὸς
1022 857 1310 908 πραπίδεσσιν
1326 856 1448 926 ἑῇσι,

201 912 255 953 50
286 908 360 950 καὶ
389 905 534 962 πήχεις
565 909 753 978 ἐνέθηκ’,
785 910 854 953 επὶ
885 911 930 953 δὲ
961 910 1130 966 {vydv'
1112 910 1277 967 η’ραρεν
1310 911 1496 969 ἀμφοῖν,

284 963 390 1007 ἑπτὰ
421 966 467 1007 δὲ
497 966 766 1021 συμφώνους
795 968 903 1011 ὀίων
934 967 1199 1013 ἐταιύσσατο
1227 971 1402 1040 χορδάς

333 1019 486 1091 Λύτοὶρ
517 1023 664 1078 ἐπειδὴ
694 1025 838 1076 τεῦξε,
871 1025 1019 1094 φέρων
1049 1025 1269 1081 ἐρατεινὸν
1300 1025 1490 1096 ἄθυρμα

282 1076 486 1136 πληκτρω
523 1079 756 1136 ἐπειρήτιζε
786 1083 894 1124 κατὰ
924 1083 1068 1136 μέρος
1125 1082 1151 1136 ἡ
1184 1082 1230 1126 δ’

1259 1101 1346 1127 vno
1377 1098 1520 1138 χείρος

284 1124 553 1188 σμερδαλέον
585 1138 831 1192 κονάβησε·
865 1141 967 1189 θεὸς
998 1137 1039 1180 6'
1071 1138 1158 1182 ὑπὸ
1187 1140 1325 1184 καλὸν
1355 1141 1513 1192 ἄειδεν,

198 1191 253 1236 55
285 1190 327 1241 εξ
359 1191 642 1248 αὐτοσχεδίης
671 1193 938 1248 πειρώμενος
970 1193 1092 1250 (ἠύτε
1122 1201 1282 1249 κοῦροι

284 1247 442 1303 ἡβηταὶ
470 1251 651 1306 θαλίῃσι
678 1250 926 1307 παραιβόλα
955 1252 1299 1310 κερτομέουσιν),

110 1371 170 1394 nes
213 1362 447 1405 suffitionibus
479 1364 665 1408 propriae,
704 1367 919 1412 magicisque

110 1407 243 1440 artibus
260 1410 478 1452 refutandis,
504 1416 538 1444 ct
561 1416 680 1444 contra
702 1425 836 1447 venena
860 1425 918 1447 sa-

111 1453 242 1486 lutares
276 1456 482 1498 produntur.
539 1456 695 1491 similiter
743 1459 918 1494 Palladius

110 1498 154 1532 de
188 1500 241 1532 Re
272 1506 359 1536 rust.
393 1503 425 1542 1,
457 1503 536 1555 35..
566 1504 738 1546 grandini
768 1507 919 1539 creditur

110 1545 271 1587 obviare,
302 1568 349 1573 —
379 1548 409 1580 si
441 1547 516 1591 quis
544 1549 738 1591 palustrem
771 1553 918 1585 testudi-

110 1602 188 1624 nem
214 1592 336 1626 dextra
351 1605 457 1626 manu
480 1595 639 1638 supinam
659 1598 779 1638 ferens
798 1599 920 1631 vineas

107 1638 324 1681 perambulet
347 1643 413 1673 etc.
437 1660 482 1665 —-
513 1639 621 1676 τότε
653 1640 691 1684 γ’
733 1639 788 1677 clv
812 1644 918 1677 Barn-

108 1694 186 1717 ann.
217 1689 253 1717 et
286 1685 352 1728 ng.
383 1684 481 1718 libri:
525 1683 609 1722 τότε
638 1685 708 1731 ἂν,
739 1687 820 1724 τότε
853 1683 917 1733 αὖ,

108 1729 226 1763 Herm.
251 1735 287 1763 et
311 1729 390 1764 alii.
414 1729 500 1765 τότε
522 1743 597 1768 κεν.

154 1777 211 1809 41.
249 1775 368 1821 inepte
406 1777 525 1812 Barna
573 1777 917 1826 ἀναπηδήσας,

109 1821 302 1862 „alacriter
339 1824 518 1865 resiliens,
556 1826 704 1861 fortasse
743 1828 786 1860 ad
819 1829 917 1862 sene-

108 1873 234 1909 stram,
269 1874 309 1902 ut
331 1869 528 1904 accuratius
551 1874 773 1928 exsculperet.
798 1884 919 1909 carnes

108 1920 144 1946 et
184 1924 264 1948 ossa
302 1915 496 1949 testudinis
510 1919 533 1936 “
577 1918 710 1952 malim:
750 1917 824 1955 άνά
866 1934 918 1965 πη

108 1958 290 2002 61Jaas‚h.
315 1973 345 1994 e
371 1958 563 2006 άναδήσας
585 1977 651 2008 πη,
677 1966 793 2009 aliquo
816 1968 918 2001 modo

108 2007 262 2050 alligata
278 2007 464 2051 testudine,
490 2010 544 2043 vel
566 2010 680 2063 potius
707 2010 802 2047 ἔνθα
825 2012 918 2055 ῥάπι

107 2051 243 2095 δήσας,
267 2057 305 2086 ut
328 2052 453 2088 vimine
475 2054 565 2089 illam
588 2056 715 2101 ligasse
738 2059 916 2103 intelliga-

108 2106 176 2132 tur.
223 2098 293 2131 tale
316 2100 478 2142 quiddam
500 2112 557 2135 res
592 2104 761 2158 postulat,
786 2106 918 2139 facilis-

108 2156 175 2188 que
213 2150 266 2177 est
304 2147 473 2185 mutatio,
516 2158 591 2181 cum
641 2146 716 2183 οἷνὸι
759 2155 794 2184 et
823 2150 919 2206 ἄρα,

105 2190 257 2234 itemque
281 2193 315 2223 Δ
338 2196 374 2224 et
397 2196 428 2226 Λ
452 2193 608 2234 l‘ffitterae
644 2197 833 2239 permutari
865 2199 918 2232 in-

109 2241 166 2269 ter
187 2247 224 2269 se
248 2237 401 2279 soleant,
426 2249 510 2280 nec,
534 2239 594 2284 qui
615 2240 794 2284 Jotacismo
818 2247 918 2277 utun-

110 2289 188 2322 tur,
226 2282 426 2326 Neograeci
470 2297 513 2319 πι
555 2291 591 2318 et
632 2299 684 2331 πη
716 2289 917 2333 pronuntia—

108 2327 203 2361 tione
237 2328 464 2374 distinguant.
509 2330 645 2375 longum
677 2339 732 2367 est
771 2335 915 2369 aliorum

107 2373 325 2416 conjecturas
354 2386 526 2410 enarrare.
574 2378 686 2422 ipsum
719 2391 801 2413 vero
826 2379 913 2416 άνα-

107 2419 272 2463 πηλήσας
303 2421 388 2454 ferri
420 2423 557 2466 nequit,
590 2436 666 2458 cum
701 2430 738 2459 et
768 2426 916 2460 inusita-

106 2470 178 2498 tum
214 2465 261 2499 sit
290 2467 432 2500 verbum
465 2468 685 2513 άναπηλεῖν,
726 2476 762 2505 et
794 2473 823 2505 si
858 2473 913 2507 vel

105 2510 250 2545 maxime
273 2512 438 2546 usitatum
461 2519 554 2547 esset
584 2527 685 2550 sensu
715 2517 787 2552 τοῦ
817 2517 913 2553 ἄνα-

103 2554 273 2598 πάλλειν,
307 2569 349 2590 ne
372 2559 423 2592 sic
446 2560 582 2604 quidem
608 2575 647 2596 eo
673 2564 912 2608 proficeretur,

106 2603 189 2647 quia
212 2603 246 2635 id
284 2614 445 2658 nusquam
477 2607 672 2650 significat,
706 2615 744 2642 ut
767 2622 912 2655 persua-

105 2649 190 2682 dere
210 2648 349 2691 volunt,
374 2651 410 2683 in
435 2657 567 2696 tergum
593 2654 774 2698 conjicere.

151 2692 316 2731 42—50.
353 2695 483 2731 αἰῶν’
507 2696 815 2745 ἐξετόρησεν,
838 2714 911 2737 me-

105 2739 237 2774 dullum
259 2741 428 2795 spinalem
459 2747 697 2781 ετῑετεὺναιίτ.
737 2748 827 2792 Hes)
826 2750 909 2783 ch.:

105 2785 221 2820 αἰων·
256 2784 275 2821 6
299 2792 475 2829 νωτιαῖος
498 2790 642 2833 μυελός.
687 2793 732 2827 cf.
760 2796 838 2829 119.
865 2814 909 2819 —

103 2829 287 2878 περήσῃ
324 2835 464 2868 Wakef.
497 2836 542 2870 ad
572 2838 714 2872 Lucret
740 2841 909 2883 2‚1046,

104 2888 137 2922 p.
149 2878 228 2912 362.
245 2869 367 2924 vulgo·
391 2879 549 2924 περήσει.
575 2884 637 2917 sed
651 2885 910 2920 suturiincom-

103 2924 285 2968 paratione
301 2936 380 2958 usus
395 2927 504 2960 nullus
522 2932 586 2964 est.
634 2942 684 2970 ως
702 2927 815 2967 ὁπότε
833 2944 909 2967 cum

104 2969 273 3014 conjunct.
309 2970 495 3011 illustravit
540 2974 724 3014 Thiersch.
764 2988 820 3023 gr.
852 2990 908 3024 gr.

963 1366 995 1408 ἓ.
1022 1365 1110 1408 3Ξ3ζ,
1146 1368 1180 1402 3.
1217 1367 1262 1402 cf.
1300 1366 1430 1400 Frank.
1462 1384 1508 1390 --
1537 1363 1776 1407 ἐπιστρω-

964 1413 1085 1454 φῶσι
1103 1439 1113 1455 ,
1138 1418 1291 1446 versant.
1315 1430 1359 1438 —
1382 1409 1690 1456 ,,άμαρνγαὶ,
1722 1410 1795 1458 υἰ-Δ

964 1459 1138 1492 brationes
1163 1461 1358 1515 oculorum,
1392 1464 1431 1492 ut
1456 1458 1568 1514 Apoll.
1603 1456 1714 1491 Rhod.
1738 1457 1772 1497 3,

965 1506 1085 1538 1018..
1077 1516 1085 1523 ·
1126 1507 1192 1548 τῆς
1235 1502 1276 1539 δ’
1312 1503 1506 1548 ἀμαρυγὰς
1543 1503 1774 1546 Ὀφθαλμων

962 1548 1133 1593 ἥρπαζεν.
1170 1550 1292 1595 Eurip.
1319 1552 1383 1585 Or.
1409 1554 1508 1586 810..·
1533 1548 1693 1594 δρομάσι
1718 1550 1775 1582 δι-

963 1597 1082 1630 νεύων
1106 1597 1319 1652 βλεφάροις.
1323 1601 1346 1616 “
1390 1598 1446 1630 Ex
1471 1598 1539 1641 ng.
1563 1618 1608 1623 -—
1635 1607 1678 1630 εν
1702 1593 1774 1638 με’·

965 1654 1128 1684 τροισι
1151 1656 1239 1686 ταμ
1254 1641 1280 1676 ὠ
1296 1657 1336 1685 ν,
1359 1644 1546 1676 arundines
1571 1643 1618 1676 ad
1641 1647 1774 1676 certam

963 1699 1160 1721 mensuram
1183 1700 1217 1721 s
1209 1695 1314 1728 c‚tns
1347 1689 1471 1742 quuibus
1503 1689 1584 1722 fixis
1615 1689 1651 1721 in
1683 1698 1774 1721 mar—

963 1733 1044 1778 gine
1069 1734 1245 1778 perforato
1269 1734 1453 1768 testudinis
1477 1734 1597 1778 pellem
1616 1733 1775 1768 bovinam

962 1780 1122 1815 intendit.
1163 1800 1208 1804 —
1255 1779 1602 1825 ,,λιθορῤίνοιο
1641 1780 1773 1824 primus

962 1825 1150 1859 Piersonus
1187 1827 1298 1860 Veris
1333 1839 1369 1872 p.
1386 1829 1488 1867 156„
1522 1837 1565 1860 ex
1597 1826 1774 1871 Empedo-

964 1871 1025 1904 clis
1059 1883 1161 1905 versu
1195 1883 1249 1917 ap.
1285 1873 1375 1906 Plut.
1411 1873 1529 1917 Symp.
1553 1874 1584 1906 1.
1620 1883 1654 1916 p.
1681 1870 1774 1913 618„

963 1928 1027 1970 pro
1053 1917 1116 1952 διὰ
1144 1917 1283 1961 ῥινοῖο,
1311 1919 1411 1963 quod
1436 1920 1566 1952 habent
1587 1917 1677 1952 libri.
1725 1917 1775 1951 si·
1815 1900 1821 1943 ⁴⁴¹

963 1962 1087 1997 militer
1110 1964 1240 1998 Herod.
1267 1967 1304 2006 1,
1329 1965 1384 1999 47.
1410 1966 1568 1999 oraculo:
1605 1962 1703 2008 ὀδμή
1725 1960 1774 2028 μιῑ

963 2007 1000 2048 ἐς
1026 2009 1163 2054 φρένας
1184 2005 1279 2055 ἦλθε
1301 2013 1554 2055 κραταιρίνοιο
1577 2008 1774 2055 χελώνηςῆ*

963 2056 1018 2088 Et
1033 2057 1102 2101 11g.
1128 2076 1170 2081 —
1195 2056 1371 2102 πήχεις,
1394 2057 1559 2101 ζυγὸν,
1583 2068 1711 2090 cornua
1734 2057 1772 2090 et

963 2106 1075 2137 transt
1079 2103 1173 2136 illum
1192 2105 1300 2147 lyrae,
1319 2115 1426 2148 germ.
1451 2105 1560 2147 Grtffe
1579 2105 1650 2137 und
1669 2104 1769 2147 Steg-

1010 2151 1066 2183 52.
1100 2149 1271 2193 φέρων,
1295 2161 1408 2183 secum
1428 2156 1595 2193 portam,
1621 2154 1661 2183 ut
1684 2159 1770 2190 rem,

965 2205 1033 2239 qua
1075 2196 1255 2238 gauderet.
1304 2196 1436 2230 frustra
1481 2195 1607 2230 Matth.
1640 2208 1770 2240 χερσιν,

964 2241 1101 2274 Herm.
1125 2241 1224 2284 τεῦξ’
1252 2238 1388 2284 εὖρώνι
1411 2253 1508 2286 quem
1536 2241 1669 2287 quidem
1695 2253 1770 2276 cum

963 2292 1103 2320 secutus
1143 2288 1220 2321 olim
1253 2294 1346 2321 esset
1375 2288 1426 2328 B,
1464 2293 1545 2333 post
1580 2287 1770 2322 Montbelio

965 2339 1086 2365 auctor
1117 2333 1203 2375 fuit,
1244 2339 1283 2368 ut
1312 2333 1394 2368 nihil
1432 2339 1592 2369 mutaret.
1632 2334 1683 2367 sic
1713 2335 1770 2369 63.

961 2389 1094 2422 quoque
1118 2378 1205 2412 dixit
1231 2380 1374 2424 φέρων,
1399 2379 1636 2424 similiterque,
1660 2391 1769 2414 anno-

960 2429 1056 2457 tante
1088 2424 1279 2467 Montbel.‚
1312 2427 1414 2462 499..-
1445 2427 1608 2481 κίθαριν
1638 2424 1680 2460 δὲ
1703 2428 1768 2460 λα-

958 2469 1036 2514 βών
1071 2468 1134 2504 ἐπ’
1169 2470 1338 2517 α’ριστεροὶ
1359 2470 1479 2517 χειρὸς
1507 2491 1553 2497 —-
1585 2471 1768 2519 Πλήκτρφ

956 2515 1168 2560 ἐπειρήτιζε.

1003 2564 1198 2599 53-62.
1234 2563 1355 2599 κατά
1401 2563 1575 2609 μέρος,
1615 2561 1656 2598 ἕν
1698 2563 1786 2607 μέ-,

958 2619 1037 2651 ρει,
1074 2610 1205 2643 ordine.
1248 2621 1282 2644 v.
1319 2610 1475 2655 Xenoph.
1517 2610 1626 2643 Anah.
1659 2610 1764 2650 5.1‚

956 2656 991 2689 9.
1012 2673 1056 2678 -
1083 2656 1375 2699 σμερδαλέον
1399 2669 1507 2696 κον.,
1531 2655 1688 2701 graviter
1708 2655 1765 2688 in—

955 2701 1089 2742 sonuit,
1123 2707 1159 2735 ut
1192 2703 1320 2747 Odys&
1352 2701 1397 2745 κ’,
1430 2703 1533 2738 398.·
1575 2713 1688 2735 πασιν
1722 2698 1765 2735 δ’

958 2745 1115 2790 ἱμερόεις
1148 2744 1267 2783 ὑπέδυ
1302 2747 1410 2792 γόος,
1447 2746 1544 2790 ἀμφὶ
1579 2746 1619 2782 δὲ
1654 2746 1764 2791 δῶμα

958 2793 1193 2836 Σμερδαλὲον
1223 2795 1412 2840 κανάχιζε,
1445 2793 1503 2828 ubi
1532 2804 1567 2828 v,
1604 2804 1682 2826 ann.
1716 2811 1763 2818 —
1805 2822 1809 2830 ,

955 2838 1003 2881 ἐξ
1036 2838 1380 2894 αὐτοσχεδίης,
1405 2852 1445 2873 ea:
1467 2845 1639 2882 tempore,
1671 2839 1763 2873 sicut

955 2886 1109 2937 protervi
1137 2888 1280 2941 juvenes
1315 2886 1539 2922 convivantes
1568 2895 1635 2918 non
1659 2896 1762 2929 prae-

954 2930 1126 2965 meditatis
1155 2933 1244 2975 jocis
1276 2932 1498 2976 dicteriisque
1521 2941 1560 2962 se
1590 2931 1763 2964 lacessunt

953 2976 1182 3024 παραιβόλα,
1218 2980 1252 3015 h.
1277 2991 1308 3015 e.
1341 2976 1604 3024 παραβλήδην,
1636 2980 1675 3012 ut
1710 2975 1762 3013 ait
