1821 3288
458 82 786 126 ,ADDENDA
816 81 900 125 ET
935 81 1381 125 EMENDANDA.
1667 84 1752 125 399

81 200 178 241 piet,
214 196 275 231 diu
300 196 441 238 sedens,
477 194 508 228 si
536 194 594 228 diu
618 194 752 229 sedebit
776 198 982 241 expectans,
1020 192 1126 238 δηθοὶ
1150 191 1385 237 καθήμενος,
1418 192 1540 239 quibus
1575 191 1610 226 in
1635 192 1755 226 verbis

83 244 174 276 inest
203 241 412 286 significatio
446 241 499 274 rei
531 252 598 274 non
624 243 772 277 futurae.
806 261 852 266 —-
898 243 976 276 271.
1002 238 1306 275 ἐνέστακται.
1333 252 1366 273 ν.
1392 239 1435 273 de
1459 242 1524 273 hac
1550 239 1754 283 metaphora

82 288 229 321 Biihrius
255 294 289 321 et
312 289 523 331 interpretes
548 287 716 321 Herodoti
742 287 785 321 ad
810 289 854 329 9,
878 288 912 321 3.
941 286 1087 320 ridicule
1111 287 1270 320 Ariostus
1288 297 1419 319 sensum
1437 285 1605 318 hominum
1622 285 1655 317 in
1675 284 1754 317 luna

83 333 254 367 asservari
279 333 382 373 dicit,
408 333 566 376 ampullis
590 333 763 376 infusum,
803 334 872 366 Orl.
893 335 970 375 fur.
993 334 1057 376 34,
1086 334 1164 368 83..·
1190 333 1263 364 Era
1283 343 1375 365 come
1404 344 1451 364 un
1468 334 1579 375 liquor
1599 331 1715 364 sottile
1736 341 1754 363 e

82 381 204 419 molle,
238 380 321 412 Atto
347 389 370 410 a
395 381 531 420 εειιὶιιν,
557 390 592 412 se
615 391 684 411 non
713 380 743 411 si
767 380 839 412 tien
864 380 927 412 ben
946 379 1084 420 chiuso3
1120 379 1154 412 Ε
1193 378 1224 410 εἰ
1256 379 1365 411 υοᾱεα
1394 380 1546 410 raccolta
1583 377 1619 409 in
1654 376 1754 409 varie

82 426 254 468 ampolle,
297 424 387 465 Qual
408 427 492 468 pia,
529 426 611 468 qual
636 436 713 457 men
745 426 877 468 capaci.
910 430 946 457 et.
969 424 1057 458 libro
1083 425 1148 465 39,
1192 423 1272 458 57.:
1310 425 1437 456 Aveasi
1468 424 1605 464 Astolfo
1639 433 1754 466 appa-

80 471 253 503 rect-hiato
272 470 298 502 il
326 482 433 512 vaso,
463 472 504 503 In
532 471 592 503 che
608 469 631 503 'l
656 482 758 504 senno
782 471 815 504 d’
847 470 1002 503 Orlamlo
1021 482 1081 504 era
1105 470 1296 509 rinchius03
1322 470 1355 501 E
1371 469 1479 510 quello
1504 470 1540 500 in
1568 469 1669 500 modo
1688 479 1752 511 ap-

76 515 325 559 propinquogli
354 518 389 549 al
413 528 518 556 naso,
544 517 613 548 Che
629 517 684 548 nel
704 517 814 559 tz'rczr3
840 517 899 548 che
917 518 997 558 fece
1016 517 1147 559 ilfiato
1169 518 1206 550 in
1227 526 1325 556 suso,
1357 515 1462 546 'l'utm
1485 514 1509 546 il
1529 514 1752 547 voto.Mera-

78 561 227 606 viglioso
254 573 354 602 caso,
386 563 456 595 Che
481 563 614 595 ritorno
635 563 671 594 la
695 568 806 595 mente
834 563 870 594 al
892 562 1036 605 primier
1050 574 1110 595 uso
1136 567 1200 596 etc.
1217 579 1262 585 —
1288 560 1367 595 272.
1393 558 1585 593 τελέσαι
1612 559 1751 603 ἔργον

78 618 147 646 τε,
171 605 257 642 ἔπο
273 620 289 646 ς
314 619 373 641 τε.
398 619 552 651 zeugma.
579 626 622 632 —-
669 609 748 642 284.
774 608 861 641 bene
886 607 991 640 habet
1017 604 1088 649 ὦς,
1122 609 1182 643 sed
1207 604 1360 642 ὀλέσθαι
1385 616 1452 638 non
1475 609 1528 638 est
1552 605 1750 649 intelligen-

47 663 50 668 ·
78 651 158 685 dum
188 652 231 687 τό
269 651 442 696 ὀλέσθαι,
478 664 597 686 verum
627 653 712 687 haec
744 652 795 686 ita
819 653 1022 697 explicanda
1054 659 1154 697 sunt,
1191 665 1253 699 per
1278 652 1485 688 idiotismum
1511 651 1748 686 Graecorum:

79 697 169 734 ου’δέ
200 711 234 733 τι
268 700 413 742 ἴσασιν,
447 695 495 739 ὥς
529 698 575 743 δή
610 710 676 743 σφι
700 697 831 743 σχεδόν
862 698 936 733 ἐστι
960 699 1131 740 θάνατος
1163 713 1194 734 κ.
1219 698 1288 743 κῆρ
1314 699 1410 742 μέλ.,
1455 693 1579 740 (ὥστε)
1603 697 1750 737 πάντας

78 741 135 788 ὄχ.
159 743 222 780 ἐπ’
246 742 373 789 ἤματι.
398 764 442 770 -
466 747 546 780 303.
571 746 659 779 imo:
693 757 736 779 nc
756 748 801 779 sit
828 746 891 778 tibi
918 756 1021 778 curae
1043 747 1140 779 alind
1165 746 1361 790 quidpiam,
1390 745 1518 777 malum
1542 743 1627 777 illud
1652 744 1751 776 futu-

77 802 171 833 rum,
204 803 288 836 opus
315 804 374 826 sen
406 793 557 824 verbum.
590 792 726 824 concise
762 792 901 824 dictum.
938 809 976 816 -
1012 792 1091 826 346.
1118 793 1227 825 malim
1251 791 1521 834 πολυϊδρίῃσιν.
1548 802 1582 823 v.
1608 800 1685 823 ann.
1710 790 1748 824 in

77 838 314 881 superioribus
340 839 384 871 ad
409 839 448 870 ll.
468 835 519 879 ω’,
548 838 602 871 19.
626 858 671 863 —-
689 849 766 870 ann.
782 837 891 870 media
905 847 971 883 ser.
991 838 1157 880 nihilique
1177 850 1303 871 vocem.
1327 857 1372 862 —
1397 836 1477 871 410.
1498 847 1576 869 ann.
1593 836 1643 868 sic
1660 847 1747 869 sen:

78 883 362 928 φερώμεθα,
385 883 565 927 φέρωμεν.
593 883 637 915 cf.
663 883 743 917 414.
769 904 814 908 ——
846 883 926 916 427.
953 881 1169 926 ἔπρησεν.
1196 884 1284 917 haud
1310 881 1460 917 deterius
1486 883 1580 915 soret
1606 880 1746 925 ἔμπρη-

77 940 158 970 σεν,
185 931 463 973 quemadmodum
485 928 691 972 ἐμπρήθειν
714 929 787 962 sive
813 925 1030 969 ἕνιπρήθεὶν
1059 930 1304 972 frequentatur
1329 929 1362 962 in
1389 929 1453 961 hoc
1478 939 1618 971 genere.
1644 939 1678 961 v.
1703 928 1745 961 ll.

76 973 124 1020 α’,
148 974 213 1010 481
239 983 307 1012 etc.
331 995 377 1001 -—
400 976 480 1010 434.
506 987 579 1008 ann.
606 986 697 1007 scr.:
720 974 934 1018 „adscrIpsit
958 975 1043 1008 haec
1067 975 1193 1007 Eichh,
1218 975 1284 1008 illis
1309 973 1479 1016 Virgilii“
1505 978 1572 1007 etc.

167 1024 223 1063 Γ,
246 1023 279 1056 6.
303 1020 391 1055 ταύ
406 1034 489 1064 pov
505 1034 532 1061 ς.
553 1020 694 1053 arietem
713 1031 847 1063 quoque
858 1026 892 1052 et
911 1030 1031 1063 aprum
1047 1020 1192 1064 Ulysses
1203 1017 1744 1065 Neptunoimmolarijubeturi'‚

75 1067 276 1101 13o.-45.
293 1066 433 1109 εὕξεα
447 1080 478 1107 ι,
496 1064 690 1110 εὔξηαι.--
703 1069 808 1101 126.ε
821 1066 870 1099 ἴω
883 1077 898 1104 ς
911 1065 1049 1108 μέν.ν.
1065 1078 1141 1100 ann.
1154 1067 1197 1099 ad
1210 1066 1248 1100 11.
1261 1065 1307 1108 μ’,
1322 1066 1399 1100 141.
1417 1084 1457 1089 -
1474 1067 1552 1099 152.
1567 1065 1641 1100 ἐπὶ
1658 1066 1710 1110 γά
1723 1080 1745 1110 ρ

77 1111 192 1152 Ζεύς
215 1111 360 1156 ἤρτυε
383 1125 408 1146 π
424 1115 518 1155 ῆμα
543 1125 656 1146 nano
671 1116 723 1147 ῖο.
751 1112 959 1156 Berglerus:
984 1113 1124 1157 insuper
1146 1113 1233 1145 enim
1247 1113 1384 1156 Jupiter
1398 1112 1553 1155 parabat
1579 1112 1743 1146 damnum

71 1160 167 1192 mali.
185 1170 306 1193 vereor
318 1163 356 1192 ut
369 1166 465 1192 recte
477 1184 486 1201 ,
511 1159 690 1203 malimque
710 1159 796 1191 haec
813 1158 862 1191 ita
880 1157 1048 1202 intelligi:
1077 1157 1245 1203 Ζεῦςγάρ
1260 1157 1419 1203 ἐπήρτυε
1428 1155 1601 1204 πῆμαξπὶ
1611 1161 1744 1200 κακοῦ,

71 1205 210 1249 Jupiter
241 1207 329 1238 em'm
341 1211 470 1238 malum
495 1207 587 1238 malo
610 1205 850 1238 accumulavit.
878 1204 922 1237 cf.
940 1203 986 1245 α’,
1011 1206 1080 1239 278
1104 1210 1171 1238 etc.
1190 1225 1236 1230 —-
1261 1202 1302 1245 ὅς
1333 1202 1372 1249 ῤ’
1401 1203 1499 1245 ἔριν
1524 1204 1655 1247 ω’ρσε.
1680 1217 1744 1238 eu-

71 1250 218 1295 phoniae
246 1251 422 1292 consulet,
448 1251 506 1295 qui
531 1251 665 1284 omittet
690 1250 760 1294 ῥὰ,
784 1249 876 1294 quod
902 1249 1001 1282 metri
1025 1251 1139 1294 gratia
1164 1251 1316 1284 additum
1341 1250 1479 1284 videtur
1495 1250 1568 1283 sine
1591 1251 1743 1284 necessi-

70 1300 168 1336 tate,
191 1297 247 1330 vel
272 1303 384 1331 ortum
411 1307 452 1330 ex
478 1308 498 1331 6
525 1297 664 1338 littera,
690 1307 778 1341 quae
802 1296 987 1329 antecedit.
1011 1315 1056 1320 -—
1108 1298 1323 1332 198-200.
1360 1302 1490 1330 temere
1513 1297 1743 1342 transscripta

72 1353 115 1375 ex
142 1342 229 1376 libro
262 1347 317 1379 1.:
348 1354 459 1387 neque
484 1344 572 1376 enim
599 1342 654 1376 hic
682 1349 752 1382 est,
785 1341 876 1385 quod
902 1341 1033 1375 Nestor
1060 1342 1301 1376 Telemachum
1330 1344 1373 1376 ad
1401 1343 1566 1376 virtutem
1594 1343 1740 1386 excitet,

73 1393 255 1433 antequam
282 1390 311 1422 is
332 1389 375 1423 de
403 1400 584 1433 procorum
613 1388 746 1432 injuriis
772 1387 940 1420 narravit.
984 1387 1106 1430 quibus
1135 1388 1259 1421 deletis
1296 1389 1414 1422 melius
1447 1399 1583 1432 quoque
1610 1389 1740 1422 cohae-

69 1440 148 1467 rent
174 1434 349 1479 utriusque
376 1436 560 1468 orationes.
590 1454 635 1458 —
683 1436 762 1468 220.
786 1433 1060 1476 πάσχομεν,
1086 1432 1305 1477 ἐπάσχομεν.
1329 1457 1375 1461 —-
1422 1435 1503 1468 224.
1527 1434 1598 1477 jam
1630 1435 1740 1469 minus

69 1479 186 1524 placet
207 1481 421 1525 hyperbaton
439 1505 449 1520 ,
473 1479 654 1524 malimque
686 1478 1015 1520 κατεκλελάθοιτο,
1047 1484 1085 1514 ut
1110 1479 1318 1522 κατεκλύω,
1350 1481 1588 1514 κατεκπλύνω
1613 1485 1678 1514 etc.
1704 1492 1738 1514 v.

68 1523 116 1570 β’,
150 1526 229 1560 104.
256 1545 299 1552 -
323 1526 402 1560 242.
429 1524 679 1560 α’θάνατοι
702 1524 770 1561 θεέ
786 1538 950 1559 νατον.
975 1527 1225 1570 paronomasia.
1241 1546 1287 1551 ——
1311 1529 1392 1562 278.
1413 1538 1490 1561 ann.
1508 1537 1575 1560 scr.
1591 1524 1740 1570 ἄθραυ-

68 1583 164 1611 στος.
197 1590 242 1596 —
289 1572 369 1606 295.
400 1583 467 1606 scr.
493 1569 612 1612 νότος.
637 1592 682 1597 -—
729 1575 810 1608 312.
844 1569 931 1606 ὅσα
963 1573 1008 1606 οἱ
1033 1573 1142 1613 νέες
1177 1572 1337 1616 ἄχθος
1362 1572 1550 1617 ἄειραν.
1571 1572 1655 1607 dure
1683 1573 1740 1606 di-

67 1621 172 1651 ctum.
199 1617 319 1662 quidni
347 1630 512 1663 ponamus
536 1617 656 1654 Hcov?
682 1618 724 1652 de
751 1632 793 1653 ov
823 1625 858 1650 et
885 1631 909 1652 α
931 1618 1084 1652 confusis
1108 1631 1140 1654 v.
1162 1620 1320 1665 superius
1338 1620 1380 1653 ad
1399 1620 1437 1655 ll.
1470 1617 1524 1663 ψ’,
1552 1619 1647 1661 238,
1672 1619 1740 1653 ibi-

66 1663 213 1707 demque
231 1663 266 1698 in
295 1665 414 1698 ordine
437 1666 479 1697 ad
506 1667 575 1700 537
604 1670 639 1698 et
667 1665 734 1698 Od.
761 1663 806 1704 κ’,
830 1665 910 1698 263.
931 1683 974 1689 -
1000 1666 1080 1700 365.
1104 1666 1237 1708 παρὰ
1262 1666 1352 1710 νηΐ.
1377 1668 1411 1700 h.
1439 1678 1468 1700 e.
1495 1663 1535 1700 ἐν
1557 1664 1642 1709 νηῒ,
1667 1665 1738 1699 sic-

65 1715 106 1743 ut
136 1710 252 1742 Schol.
292 1709 338 1743 ad
370 1708 415 1750 ν’,
449 1711 552 1745 259.:
585 1709 676 1753 παρ’
709 1710 876 1750 ἑκάσταις
906 1711 998 1753 γοῦν
1031 1709 1233 1754 α’ρισπείαις
1258 1711 1389 1757 σεμνὸς
1415 1708 1644 1754 φαινόμενος
1667 1717 1737 1746 etc.

68 1756 114 1789 cf.
142 1756 260 1799 Viger.
291 1757 339 1797 9,
375 1758 418 1796 6,
452 1758 508 1798 2.,
535 1768 614 1801 pag.
642 1756 720 1791 643.
744 1759 844 1793 353.:
881 1756 971 1800 νηός
995 1754 1057 1792 ἐπ’
1090 1757 1267 1802 ἰκριόφιν.
1299 1779 1343 1784 -
1390 1759 1469 1792 400.
1504 1757 1650 1792 delenda
1683 1762 1738 1792 est

65 1801 202 1844 virgula
230 1807 309 1846 post
336 1799 413 1845 ἄρ’.
438 1821 484 1826 --
530 1804 610 1839 402.
641 1799 754 1838 αὖτε
797 1804 804 1848 Ι
848 1804 1069 1839 καθεῦδε
1112 1807 1116 1846 Ι
1140 1829 1148 1839 .
1188 1805 1287 1838 simul
1311 1806 1526 1839 emendemus
1540 1804 1736 1848 rhythmum

65 1852 103 1881 et
139 1847 433 1882 homoeoteleuton
468 1849 664 1883 auferamus
695 1853 745 1883 sic
775 1850 1009 1884 scribendum:
1050 1847 1131 1887 αὖτ’
1161 1849 1354 1888 ἐκάθευδε.
1391 1850 1557 1895 ejusmodi
1591 1850 1736 1885 mendae

65 1893 139 1928 sine
171 1893 269 1926 libris
292 1894 421 1939 corrigi
448 1893 587 1939 impune
612 1902 767 1941 possunt.
798 1915 837 1921 -—
883 1895 963 1930 447.
989 1897 1030 1930 Il.
1050 1896 1098 1941 α’,
1124 1899 1205 1934 458.
1231 1918 1276 1923 -
1322 1898 1402 1933 481.
1421 1908 1487 1930 scr.
1514 1894 1666 1941 βήσατο.

157 1942 214 1980 Δ,
245 1941 281 1975 3.
307 1951 385 1976 ann.
409 1951 498 1973 scin:
528 1946 597 1982 „et
617 1942 746 1986 primus
769 1954 884 1976 eorum
904 1941 947 1984 ν’,
972 1944 1067 1978 27.“
1092 1964 1136 1970 -
1186 1946 1250 1987 18,
1277 1947 1331 1980 19.
1353 1944 1457 1978 etiam
1476 1943 1508 1976 h.
1531 1943 1554 1978 l.
1576 1942 1735 1977 scriben-

64 1985 144 2020 dum
162 1997 239 2019 esse
271 1986 326 2030 ajo
343 1985 429 2021 κατ’
453 1986 612 2029 αὐλούς,
638 2000 702 2022 nec
734 1994 826 2023 muto
851 1987 1077 2033 ἐξάρχοντες.
1104 2003 1138 2026 v.
1170 1991 1226 2024 hic
1253 1990 1350 2025 nobis
1378 1991 1541 2035 annotata
1568 1988 1612 2022 ad
1631 1989 1671 2023 ll.
1688 1987 1734 2031 σ’,

62 2033 143 2068 605.
167 2050 213 2057 -
259 2033 318 2067 33.
349 2032 537 2067 scribamus
559 2046 567 2068 :
590 2053 636 2060 —
659 2034 803 2080 βάζεις,
831 2036 866 2070 εἰ
887 2034 955 2078 μὲν
979 2035 1026 2079 δὴ
1052 2042 1117 2071 etc.
1149 2034 1340 2072 ἅσύσταπα
1362 2041 1442 2070 sunt
1465 2035 1488 2080 ἠ
1514 2042 1550 2068 et
1568 2033 1639 2079 δή,
1665 2035 1734 2070 nisi

0 2084 1 2122 J
62 2076 111 2122 δὴ
135 2077 351 2123 intelligatur
382 2077 477 2124 ἤδη,
503 2080 594 2124 quod
622 2081 679 2115 hic
710 2094 775 2115 non
794 2086 931 2127 potest,
956 2081 1080 2117 dudum
1110 2095 1248 2118 reverso
1266 2083 1439 2117 Menelao.
1471 2082 1516 2117 εἰ
1538 2080 1624 2125 μὲν
1649 2081 1734 2126 δὴ,

61 2125 349 2205 ἰῗᾳιῗιάοέἒδεαηε.
385 2126 568 2207 νὲὸνὶἕιείἷ.
593 2128 713 2208 ὃοόὀὲἆ,
738 2129 792 2208 3-1,
830 2132 865 2162 et
889 2129 940 2183 ἃς,
959 2141 990 2185 ε,ι
1014 2135 1050 2187 et
1074 2143 1097 2186 ⁷⁷,
1120 2128 1461 2216 gonfusisbslupffiiug
1493 2132 1659 2209 ἓὲἓοῐᾶῐει
1669 2127 1732 2208 4an

94 2197 102 2206 .
161 2196 172 2212 ,
267 2191 360 2206 .—
455 2197 463 2205 .
521 2186 564 2208 ·.
696 2186 937 2208 .sooece:oc
1010 2187 1257 2211 εσπεσαι.ν.
1327 2188 1473 2209 a..
1567 2193 1645 2206 --—
1721 2198 1732 2208 ·

63 2228 244 2253 ann.scr.:
271 2216 338 2258 „IL
361 2216 406 2260 κ’,
436 2221 515 2254 576.
528 2221 553 2238 “
575 2238 622 2244 —-
669 2223 725 2255 61.
750 2187 1058 2265 πασσαμμεῖνω.
1091 2225 1164 2258 Am.
1198 2223 1264 2263 Q:
1288 2232 1454 2264 παυσαμ.
1491 2239 1532 2244 -
1583 2221 1662 2254 102.
1681 2220 1728 2253 cf.

61 2262 117 2296 hic
143 2273 219 2297 ann.
255 2263 298 2296 ad
327 2264 368 2298 11.
407 2263 450 2308 ρ’,
474 2266 530 2301 38.
565 2284 608 2290 -
658 2269 734 2303 118.
763 2267 956 2309 πατρός.
983 2280 1049 2302 non
1082 2269 1220 2313 Ulyssis
1249 2268 1346 2310 scil.,
1371 2278 1469 2312 quem
1499 2267 1572 2310 ejus
1599 2271 1731 2310 patrem

63 2319 140 2343 esse
174 2309 318 2343 nondum
343 2312 512 2357 comperit
534 2311 734 2353 Menelaus,
759 2315 819 2348 sed
848 2315 1018 2358 cujusvis,
1053 2327 1151 2360 quem
1186 2315 1331 2359 periisse
1358 2314 1558 2358 suspicatur
1580 2311 1615 2345 in
1640 2311 1731 2347 bello

63 2354 234 2398 Trojano.
269 2375 314 2381 --
338 2358 417 2392 122.
444 2355 631 2400 Ἀρτέμιδι.
659 2370 692 2392 v.
720 2370 797 2393 ann.
824 2361 866 2394 ad
898 2358 938 2402 ζ’,
965 2362 1042 2396 151.
1076 2380 1120 2385 -
1170 2362 1247 2396 135.
1276 2372 1340 2394 ann
1366 2395 1369 2398 ,
1396 2370 1463 2393 cr.:
1500 2383 1524 2400 ,‚
1538 2359 1647 2402 δηλοῖ
1662 2357 1733 2401 μὲν

23 2426 29 2430 .
63 2398 134 2435 οὐκ
157 2399 312 2455 ὀρθῇν“
337 2408 400 2457 ete.
427 2403 573 2451 αὐτῷ,
598 2402 758 2448 νήματι,
782 2418 847 2440 non
871 2405 1041 2453 ταλάρῳ,
1066 2412 1106 2440 ut
1125 2407 1224 2442 Eust.
1246 2425 1291 2432 -
1318 2371 1395 2441 1395.
1422 2404 1728 2450 ἐπεσβολίας.

61 2457 96 2482 v.
126 2447 170 2480 de
193 2447 385 2491 hujusmodi
415 2452 531 2484 verbis
551 2452 748 2495 compositis
773 2463 850 2486 ann.
880 2452 923 2486 ad
952 2454 992 2486 11.
1015 2452 1058 2495 τ’,
1083 2454 1141 2487 32.
1166 2472 1212 2478 -
1262 2455 1340 2488 177.
1367 2449 1670 2487 ἀνάσσονται
1696 2448 1730 2486 δ’

61 2490 168 2549 ἐμοὶ
195 2492 337 2539 αὐτῷ.
363 2498 540 2541 emphasin
564 2498 689 2532 nullam
728 2498 834 2532 habet
855 2496 978 2542 αὐτῷ,
1011 2511 1074 2534 nec
1104 2499 1205 2543 hujus
1223 2499 1291 2533 loci
1314 2504 1388 2541 est,
1413 2497 1474 2532 sed
1493 2497 1728 2532 scribendum:

60 2552 121 2574 αν.
147 2538 189 2574 δέ
211 2553 275 2583 μοι
300 2538 444 2585 αὕτως,
467 2545 534 2584 εἰσ,
559 2543 610 2577 sic
632 2550 670 2577 ut
690 2550 813 2588 antea,
847 2546 903 2579 vel
929 2546 1137 2585 δεικτικῶςε
1161 2546 1213 2579 sic
1236 2551 1274 2579 ut
1294 2545 1405 2578 vides.
1430 2555 1462 2577 v.
1503 2541 1543 2585 ε’,
1578 2544 1663 2585 179,
1688 2544 1729 2580 Il.

61 2583 108 2640 αἱ,
136 2587 224 2625 133,
249 2591 284 2620 et
304 2586 415 2622 dehis
437 2590 614 2624 vocabulis
641 2590 792 2624 confusis
824 2591 890 2625 Od.
921 2590 967 2638 β’,
990 2592 1078 2633 194,
1105 2591 1148 2633 κ’,
1173 2594 1263 2634 300,
1289 2590 1341 2636 φ’,
1371 2590 1448 2626 194.
1473 2609 1519 2616 -
1547 2590 1624 2624 178.
1651 2589 1729 2624 dele

58 2632 226 2675 virgulam
252 2638 330 2677 post
355 2632 454 2670 ἄλλο.
479 2655 524 2661 -
573 2637 650 2670 192.
688 2637 767 2671 καὶ
792 2636 1035 2682 ἀλλήλους
1059 2638 1290 2682 ἐρέοιμεν.
1316 2643 1413 2671 recte
1442 2634 1579 2678 Bergk:
1606 2641 1641 2670 et
1662 2648 1727 2671 uos

58 2684 177 2712 mutuo
200 2680 511 2734 inter-rogaremu33
535 2694 647 2727 neque
665 2682 751 2716 enim
779 2683 822 2716 de
842 2684 914 2717 solo
936 2685 1093 2719 Menelao
1124 2684 1416 2729 colloquebantur.
1443 2681 1551 2714 simile
1566 2687 1621 2715 est
1644 2682 1726 2717 δια·

59 2725 205 2766 ειπέμεν
237 2727 447 2768 αλλήλοισιν
478 2730 557 2763 215.
592 2749 636 2754 --
685 2731 764 2764 208.
796 2730 873 2763 olim
901 2731 1032 2775 vulgati
1057 2731 1137 2764 libri
1173 2735 1209 2763 et
1233 2732 1304 2764 Am.
1333 2729 1393 2763 B.:
1419 2725 1622 2772 ἐπικλώσῃ,
1656 2740 1725 2764 non

58 2770 145 2805 male
177 2771 226 2805 illi
258 2772 414 2816 quidem3
449 2785 483 2808 v.
517 2778 629 2809 tamen
664 2786 741 2808 ann.
769 2775 813 2808 ad
840 2776 954 2820 hymn.
982 2777 1020 2810 in
1053 2777 1166 2821 Apoll.
1195 2776 1297 2819 Pyth.
1320 2775 1401 2809 217.
1440 2793 1486 2798 —
1532 2775 1612 2809 288.
1646 2786 1724 2810 ann.

58 2827 145 2851 sen.-
170 2818 238 2859 ,‚ll.
258 2817 302 2859 δ’,
327 2818 406 2854 428.
422 2822 444 2840 “
468 2841 513 2846 -
559 2821 638 2856 331.
669 2832 745 2855 ann.
767 2821 818 2854 ita
837 2833 924 2855 scr.=
950 2842 1032 2864 „—
1055 2822 1174 2856 versui
1201 2822 1279 2856 765.
1304 2822 1349 2854 cf.
1371 2831 1448 2854 ann.
1472 2818 1516 2852 ad
1537 2817 1593 2867 ts,—
1617 2822 1723 2855 101.“

57 2862 190 2907 reliqua
216 2865 409 2901 inducenda
435 2871 523 2900 sunt.
555 2886 600 2892 -—
646 2869 723 2903 363.
768 2878 845 2900 ann.
882 2879 969 2902 sen:
999 2880 1155 2910 „versus
1182 2866 1411 2911 spondiaci.“
1447 2866 1538 2899 sicut
1567 2867 1618 2911 ᾖα
1645 2867 1721 2902 loco

57 2907 145 2950 3⁸t02
164 2910 266 2944 etiam
289 2909 366 2955 ,ἥων
386 2924 494 2958 ponas
514 2912 596 2947 licet
627 2912 666 2954 ε’,
693 2915 772 2949 368.
803 2925 836 2947 ν.
863 2918 976 2948 tamen
1002 2927 1078 2949 ann.
1099 2915 1143 2948 ad
1171 2912 1207 2954 ι’,
1237 2915 1318 2948 212.
1343 2932 1389 2938 -
1435 2911 1515 2946 404.
1537 2912 1721 2948 adscriba-

15 2989 19 2995 ,
58 2964 133 2988 mus
150 2959 257 2993 totum
274 2957 375 2995 istum
397 2960 505 2996 locum
524 2959 704 3007 Apollonii.
725 2959 775 2996 sic
795 2959 904 3005 igitur
919 2961 1043 2997 habet:
1068 2960 1232 3004 νέποδες.
1256 2958 1406 2999 Ἀπίων
1431 2957 1589 3003 ἄποδες,
1614 2956 1720 3006 ἢνη·
