1821 3288
92 90 177 138 136

351 94 752 138 ΟΜΗΡΟΥ
807 95 1397 140 ΟΛΤΣΣΕΙΑΣ
1452 99 1502 140 Τ.

313 204 373 250 qui
396 204 482 240 nihil
503 205 690 251 respondet
711 205 958 249 insolentibus,
989 206 1052 242 sed
1073 207 1186 253 patris
1205 213 1322 244 nutum
1345 209 1532 253 observat,
1565 213 1674 248 matre
1708 223 1751 248 ex

233 252 428 298 propinquo
452 253 682 289 auscultante.

327 317 414 370 Ὡς
447 319 619 390 ἔφασαν
646 322 905 390 μνηστῆρες·
934 318 960 364 ὁ
991 318 1037 364 δ’
1065 337 1149 366 ουκ
1177 321 1388 379 ἐμπάζετο
1420 323 1599 396 μύθων,

153 376 237 420 385
264 372 359 419 ἄλλ’
387 374 527 419 ἀκέων
555 377 721 431 πατέρα
749 376 1080 430 προσεδέρκετο,
1111 377 1319 435 δέγμενος
1352 380 1450 433 αἰεὶ,

264 430 427 476 ὁπποτε
452 434 506 502 δὴ
535 435 804 505 μνηστῆρσιν
833 432 1031 477 ἀναιδέσι
1061 439 1205 490 χεῖρας
1235 436 1398 506 ἐφήσει

339 486 399 532 ‘H
422 489 469 533 δε
495 488 592 533 κατ’
622 490 805 545 ἄντησιν
831 490 995 546 θεμένη
1022 492 1280 545 περικαλλέα
1309 495 1473 550 δίφρον

262 545 408 616 κούρη
433 544 650 600 Ἰκαρίοιο,
679 546 907 601 περίφρων
938 547 1230 602 Πηνελόπεια,

265 600 445 656 α’νδρων
473 602 521 645 ἐν
549 601 804 658 μεγάροισιν
832 602 1021 647 ἑκάστου
1051 607 1200 658 μῦθον
1231 603 1407 649 α’κουεν.

153 662 236 704 390
265 660 446 702 δεῖπνον
476 659 556 714 μὲν
583 660 666 714 γάρ
696 661 812 714 τοίγε
844 661 1097 715 γελοίωντες
1124 660 1360 704 τετύκοντο

262 714 351 771 ἡδύ
379 730 435 766 τε,
465 715 540 758 καὶ
568 716 800 786 μενοεικὲς,
828 717 915 760 ἐπεὶ
943 717 1060 773 μα’λα
1089 716 1222 761 πόλλ’
1255 716 1475 772 ἱέρευσαν

266 772 346 843 δόρ
350 786 438 815 που
471 771 515 815 6'
545 770 630 816 οὐκ
659 771 716 816 α’ν
742 788 835 824 πως
851 772 1150 845 ἀχαρίστερον
1180 772 1286 818 ἄλλο
1307 773 1506 843 γένοιτο,

266 825 366 871 οἷον
394 828 448 885 δή
478 827 576 885 ταχ’
607 829 753 899 ἔμελλε
779 828 862 873 θεα
892 832 967 874 καὶ
995 830 1205 886 καρτερὸς
1234 830 1348 902 ἀνὴρ

265 884 531 942 θησέμεναι·
560 885 769 943 πρότεροι
796 885 882 944 γαρ
903 886 1048 933 ἀεικέα
1077 886 1376 946 μηχανόωντο.

140 1017 221 1056 384.
245 1030 280 1056 v.
302 1020 385 1058 275.

140 1110 337 1149 385-394.
361 1110 604 1171 δέγμενος,
627 1116 836 1171 exspectans.
861 1113 902 1150 11.

95 1156 142 1204 β’,
166 1157 235 1194 794
259 1164 329 1194 etc.
361 1179 404 1184 —
437 1157 617 1195 ὁππότε
640 1180 686 1185 -
685 1159 902 1216 ἐφήσει.

95 1205 143 1239 cf.
175 1206 240 1246 29,
271 1204 316 1247 v‘‚
350 1206 430 1241 376.
463 1228 508 1233 -
541 1204 644 1241 κατ’
677 1217 903 1250 αντησιν,

95 1252 335 1292 exadversum,
362 1264 381 1285 e
404 1251 556 1296 regione.
580 1252 632 1286 ita
650 1253 733 1286 Sch.
760 1253 814 1286 ed.
842 1263 904 1285 an-

95 1296 196 1341 tiqua
220 1302 256 1330 et
277 1297 449 1342 Hesych,
461 1297 543 1353 qui
567 1302 680 1333 tamen
705 1303 741 1331 et
755 1299 907 1353 conjun-

95 1349 152 1376 cte
175 1343 280 1377 habet
309 1341 550 1389 καταντήσειν
584 1356 647 1401 pro
671 1355 907 1389 καταντησιν.

96 1394 259 1434 corrupte
284 1390 387 1424 etiam
408 1393 493 1436 Ap.=
531 1389 786 1436 κατάντιστην.
816 1403 904 1424 κατ-

96 1447 237 1470 αντιον.
259 1436 381 1480 vulgo:
403 1437 669 1487 και-ἄντηστιν,
692 1436 736 1475 de
760 1447 827 1481 quo
853 1437 906 1491 Εε

96 1482 139 1517 τὸ
153 1480 193 1515 δὲ
209 1482 538 1527 κατάντηστιν
564 1485 674 1529 δηλοῖ
688 1496 755 1527 μεν
774 1482 816 1516 τὸ
840 1480 907 1516 οἷν-

96 1528 224 1571 τικρϋ,
259 1529 373 1571 φασὶ,
406 1531 475 1564 τοῦ
486 1529 730 1587 ἀνδρεῶνος,
753 1531 908 1564 πλεονα-

97 1574 192 1617 σμὸν
233 1574 273 1609 δὲ
310 1575 379 1610 τοῦ
421 1571 531 1631 σίγμα
565 1575 652 1618 ε’,χει
687 1573 825 1619 ὁμοίως
855 1574 909 1619 τῷ

96 1625 455 1666 προμνηστῖνοι
480 1621 538 1664 (λ,
555 1624 652 1665 232),
679 1621 743 1656 διὰ
767 1620 908 1655 τὸκαλ-

96 1667 362 1711 λιφωνότερον.
403 1673 440 1702 at
464 1669 532 1702 alia
556 1675 608 1701 est
632 1668 720 1701 ratio
745 1667 909 1710 adjectivi

96 1718 380 1759 προμνησΐῖνθς,
406 1726 469 1747 nec
489 1726 588 1759 quam
613 1725 725 1747 Inesse
747 1714 799 1759 τῷ
823 1725 908 1746 καῖ’·

99 1761 255 1806 άντησιν
298 1764 398 1806 putet
432 1761 464 1795 Ε
504 1760 704 1806 euphoniam
739 1759 909 1804 intelligo,

948 1023 1016 1060 imo
1039 1025 1131 1059 forte
1153 1023 1344 1078 geminasse
1366 1024 1452 1069 puto
1475 1020 1637 1059 librarios
1652 1019 1759 1056 «osci-

947 1074 1064 1105 tantes
1097 1071 1250 1105 caninam
1283 1070 1454 1111 litteram,
1495 1072 1535 1102 ut
1575 1068 1609 1101 in
1642 1067 1760 1102 verbis

949 1117 1194 1161 Παρνησσός,
1227 1113 1473 1158 Κασσάνδρα,
1504 1115 1649 1158 κνίσσηε
1688 1124 1758 1157 quo

948 1163 1042 1197 facto
1069 1163 1212 1197 alterum
1237 1173 1258 1198 σ
1281 1162 1316 1196 in
1339 1175 1360 1196 τ
1382 1161 1492 1196 simile
1515 1160 1652 1195 abierit.
1683 1170 1760 1193 cer-

949 1213 986 1241 te
1018 1220 1083 1242 non
1115 1206 1289 1265 ἄντηστις
1316 1208 1463 1249 dicitur,
1499 1218 1565 1241 non
1597 1204 1760 1250 ἅντησις.

950 1254 1058 1288 Sch.=
1091 1251 1194 1288 κατ’
1229 1253 1447 1299 ἄντησιν.
1485 1251 1659 1295 ἄντικρυς
1688 1251 1757 1287 τοῦ

952 1296 1156 1343 ἀνδρῶνος,
1181 1297 1220 1336 ἐν
1244 1301 1292 1347 τῇ
1312 1300 1597 1353 γυναικωνίτιδι.
1622 1316 1667 1323 --
1689 1310 1760 1342 γε-

951 1347 1197 1401 λρίωντες.
1233 1357 1268 1381 v,
1299 1345 1379 1381 347.
1411 1365 1454 1371 —
1487 1342 1760 1380 τετύκοντο.

952 1390 1004 1448 θ’,
1029 1393 1150 1433 61,11.
1177 1390 1226 1434 α’,
1251 1393 1319 1428 467
1344 1396 1410 1426 etc.
1436 1410 1482 1416 —
1505 1389 1759 1435 μενοεικές.

983 1441 1085 1479 ,166
1110 1443 1176 1473 etc.
1200 1457 1245 1462 —
1269 1437 1467 1495 δόρπον,
1499 1449 1636 1472 coenae.
1659 1449 1693 1469 v.
1718 1438 1760 1472 11.

952 1483 996 1526 λ’,
1021 1485 1100 1520 730
1124 1501 1168 1509 -
1191 1484 1364 1529 καρτερὸς
1396 1482 1491 1528 ανὴρ
1523 1484 1621 1518 audit
1653 1483 1761 1527 Ulys-

953 1539 1029 1572 seS‚
1061 1535 1099 1563 ut
1131 1528 1176 1571 δ’,
1206 1532 1286 1566 242.
1319 1537 1354 1564 et
1386 1532 1466 1565 271.
1497 1547 1544 1555 ——
1586 1533 1662 1564 Am.
1697 1529 1756 1563 ss.=

953 1574 1172 1619 πρότεροι
1186 1575 1291 1630 γάρ.
1319 1576 1357 1611 02
1380 1576 1586 1633 μνηστῆρες
1604 1572 1760 1620 δηλαδή.

953 1622 1007 1655 Ε.
1032 1641 1077 1646 --
1107 1620 1236 1666 πρότ.
1260 1622 1366 1667 γάρ,
1382 1623 1531 1682 φησὶν,
1562 1620 1599 1656 οἶ.
1633 1628 1758 1667 unz-⁸

954 1663 1000 1703 οὗ
1025 1667 1144 1703 ἕνεκεν
1167 1668 1306 1723 δηλαδὴ
1331 1668 1393 1704 καὶ
1418 1668 1576 1711 ὤλοντο,
1609 1666 1672 1703 οἶα
1694 1680 1762 1702 κα-

953 1713 1405 1803 κῷνᾷἒπρῑοκατάρξαντες.
1427 1716 1495 1757 cf.,
1521 1713 1553 1748 si
1583 1714 1670 1750 tanti
1693 1718 1760 1756 est,

955 1773 981 1795 π
1096 1772 1114 1795 e
1134 1772 1152 1794 c
