1821 3288
519 1544 729 1563 ²²²²²

86 2181 711 2221 Annotationes.Vers.1—13.5v
733 2196 792 2228 πρ
803 2196 853 2219 ο-

41 2229 186 2278 δόμῳ.
218 2241 253 2264 ν.
286 2228 332 2275 δ’,
365 2231 447 2272 302,
479 2230 520 2265 11.
552 2228 588 2273 ι’,
612 2230 681 2265 473
715 2196 792 2265 ete?
806 2249 853 2256 —-

40 2277 146 2312 Soh.=
150 2257 398 2319 ευνάζετο
425 2275 482 2333 (ε’,
507 2278 563 2320 65,
587 2275 642 2320 ψ’,
666 2279 733 2312 299
745 2278 852 2332 Mete.)

39 2320 269 2366 ἀνεπαύετο,
295 2322 415 2369 ἑαυτῷ
439 2321 551 2379 εὖνὴν
573 2322 853 2367 παρεσκεύαζεν.

39 2389 86 2396 -
109 2368 298 2414 καμμὲν
322 2390 367 2396 -
393 2367 600 2427 στόρεσε.
646 2371 763 2404 tmesis
788 2381 851 2427 pro

37 2415 274 2473 κατεστόρεσε
296 2416 375 2462 μέν.
398 2415 639 2462 ,,καμμὲν,
661 2422 701 2450 ut
724 2414 851 2457 καδδε,

33 2460 282 2509 καμμέσσον“
313 2467 381 2498 etc.
398 2442 441 2496 Ε
463 2464 514 2499 Cl.
536 2483 582 2489 —-
624 2462 708 2514 Ap.=
741 2460 851 2498 οἶδε’-

39 2517 199 2555 ψητον
224 2509 370 2567 (142).
384 2507 610 2565 ἀμάλακτον,
636 2508 720 2544 οἷον
744 2506 852 2552 οἷνέρ-

34 2565 195 2602 γαστον·
218 2568 406 2600 καμμεν
428 2576 474 2582 -
496 2552 686 2601 Ἀχαιοί.
711 2555 754 2591 τὸ
779 2555 851 2601 γάρ

39 2603 204 2659 δεψῆσαι
225 2600 285 2638 ἐπὶ
308 2604 379 2637 τοῦ
401 2602 562 2646 μαλάξαι
583 2604 731 2646 τίθησι,
755 2604 852 2637 καθ-

41 2647 136 2706 ἅπερ
179 2647 238 2684 ἐπὶ
275 2649 346 2684 τοῦ
379 2651 498 2693 κηροῦ
531 2647 606 2694 (μ’,
631 2648 718 2691 48)·
766 2662 851 2706 κη-

40 2693 122 2741 ρὸν
153 2694 373 2738 δεψήσας
401 2695 644 2751 uelum-606.
667 2714 715 2721 -
745 2694 852 2740 βοέ-

41 2754 119 2788 ην,
147 2742 296 2821 βοείην,
320 2740 481 2798 βύρσαν,
505 2743 645 2776 corium.
687 2743 853 2776 audacter

41 2792 140 2823 scuta
167 2787 256 2822 dixit
285 2787 396 2843 βόας
411 2784 507 2828 αὔας
540 2788 578 2823 11.
608 2786 656 2830 μ’,
683 2789 760 2823 137-
805 2788 853 2821 cf.

76 2861 86 2870 .
128 2853 175 2860 —
214 2835 324 2868 idem.
362 2848 445 2889 ορα
495 2831 539 2868 τὸ
592 2832 851 2891 ἐγρηγορό-

37 2878 102 2916 ’ων
129 2881 170 2917 ἐκ
192 2882 262 2916 τοῦ
286 2879 469 2926 ἐγρήγορα
492 2879 606 2936 μέσου
628 2878 852 2924 παρακειμέ-

38 2938 108 2963 νου
130 2927 340 2972 γενόμενον
364 2926 492 2984 ἐγείρω
511 2925 593 2973 γάρ,
618 2927 756 2984 μέλλων
775 2940 850 2972 εγε-

38 2979 39 2982 ’
62 2987 104 3015 ω,
123 2975 389 3018 παρακείμενος
414 2971 458 3018 ἥ)
462 2986 561 3020 ερκα,
586 2973 696 3020 μέσος
720 2972 850 3021 ἥγορα,

81 3030 225 3068 Hoamn.
250 3032 389 3068 Onxss.
412 3032 478 3067 111.

396 746 1218 808 ΟΛΥΣΣΕΙΑΣ
1300 747 1369 809 Y.

262 1011 343 1047 TA
379 1007 531 1046 ΠΡΟ
576 1006 720 1043 ΤΗΣ
760 1006 1491 1046 ΜΝΗΣΤΗΡΟΦΟΝῙΑΣ.

260 1235 433 1283 Ulysses‚
454 1238 558 1271 nocte
581 1235 725 1272 insomni
750 1237 845 1274 furta
869 1239 1068 1274 ancillarum
1091 1236 1394 1280 animadvertens,
1416 1234 1575 1278 dubitat,
1598 1239 1713 1271 utrum

179 1281 272 1319 illico
297 1283 435 1319 occidat
454 1294 528 1328 σεε,
552 1294 597 1317 an
619 1289 831 1330 postremum
856 1285 949 1321 sinat
975 1285 1194 1333 delinquere3
1218 1285 1356 1319 tandem
1379 1284 1527 1320 animum
1549 1283 1713 1319 offirmat.

208 1353 440 1420 Αὐτὰρ”
416 1381 441 1408 ο
470 1362 519 1408 ἐν
547 1363 758 1424 προδόμῳ
788 1363 1010 1418 εὐναζετο,
1039 1365 1133 1416 δῖος
1159 1361 1409 1416 Ὀδυσσεύς.

210 1447 382 1488 καμμεν
405 1429 633 1505 ἀδέψητον
662 1432 795 1503 βοέην
825 1431 1014 1487 στόρεσ’,
1046 1431 1187 1487 αὐτὰρ
1212 1432 1386 1505 ὕπερθε

209 1543 457 1602 Εὐρυνόμη
486 1547 511 1588 6
561 1563 616 1602 αρ
665 1562 735 1590 επι
761 1550 946 1603 χλαῖναν
968 1547 1080 1617 βάλε
1108 1545 1389 1619 κοιμηθέντι·

153 1605 182 1651 5
211 1601 312 1647 ἐνθ’
337 1601 559 1654 Ὀδυσεῦς,
591 1607 834 1676 μνηστῆρσι
862 1603 977 1648 κακοὶ
1010 1603 1218 1675 φρονέων
1246 1603 1313 1648 ἐνὶ
1340 1602 1492 1660 θυμῷ,

208 1657 321 1704 κεῖτ’
352 1658 648 1734 ἐγρηγορόων.
679 1661 750 1704 ταὶ
780 1658 822 1704 δ’
854 1660 902 1704 ἐκ
932 1661 1166 1732 μεγάροιο,
1187 1665 1408 1717 γυναῖκες,

208 1715 357 1772 ηῖσαν,
389 1719 435 1760 αἱ
465 1720 737 1789 μνηστῆρσιν
765 1717 1073 1789 ἐμισγέσκοντο
1103 1717 1247 1773 πάρος
1275 1732 1374 1772 περ,

211 1773 435 1845 αλλήλῃσι
450 1773 562 1828 γέλω
591 1791 636 1818 τε
667 1774 742 1818 καὶ
770 1773 1057 1847 εὐφροσύνην
1088 1775 1374 1831 παρέχουσαι.

212 1833 296 1874 τοῦ
328 1830 369 1873 6’
403 1828 584 1885 ὠρίνετο
612 1830 760 1886 θυμός
787 1831 853 1875 ἐνὶ
882 1832 1103 1904 στήθεσσι
1123 1833 1304 1901 φίλοισι,

133 1891 187 1933 10
215 1886 360 1931 πολλὰ
388 1887 435 1930 δὲ
465 1886 694 1942 μερμήριζε
721 1887 831 1932 κατοὶ
863 1889 1006 1959 φρένα
1033 1889 1109 1932 καὶ
1135 1887 1248 1932 κατα
1275 1886 1440 1945 θυμὸν,

210 1943 297 2016 ηὲ
293 1945 495 1998 μεταΐξας
522 1943 725 1988 θάνατον
757 1944 943 1997 τεύξειεν
973 1944 1145 2001 ἑκάστῃ,

214 2018 244 2071 η
273 1999 339 2044 ε”τ
368 2004 427 2058 εῷ
456 2005 724 2056 μνηστῆρσιν
752 1999 1066 2057 ὑπερφιάλοισι
1093 2003 1274 2071 μιγῆναι

208 2056 378 2102 ὕστατα
405 2057 479 2102 καὶ
507 2057 712 2115 πύματα·
739 2060 901 2117 κραδίη
931 2058 978 2105 δέ
1009 2075 1053 2104 οι
1082 2059 1215 2103 ἔνδον
1246 2056 1436 2103 ὑλάκτει.

898 2183 962 2220 καὶ
983 2181 1148 2224 Ἀττικῶς
1175 2181 1355 2242 ἐγήγοροξ,
1383 2195 1418 2217 κ.
1439 2182 1695 2227 πλεονασμῷ’
1677 2197 1712 2220 ε-

897 2229 1085 2286 γρήγορα,
1117 2228 1209 2266 όθεν
1245 2230 1287 2266 τὸ
1321 2228 1510 2286 ἐγρηγοραῑ
1531 2242 1624 2274 μετα
1646 2232 1715 2275 τῆς

897 2276 1147 2322 πρωτοτύπου
1172 2274 1380 2322 αὐξήσεως,
1413 2273 1551 2320 ὁμοίως
1575 2278 1627 2323 τῷ
1647 2278 1712 2336 315}-

903 2327 1026 2360 ποιθα
1059 2326 1235 2360 πεποιθῶ
1265 2321 1508 2366 πεποιθήσω,
1547 2322 1586 2367 ἐξ
1616 2325 1661 2359 οὐ
1687 2323 1711 2370 ἡ

906 2372 1148 2427 πεποίθησις,
1169 2367 1220 2411 ὥς
1239 2368 1518 2415 ἐγρηγόρησις’
1500 2370 1714 2421 εγρήγορσις

897 2417 961 2453 καὶ
987 2417 1073 2462 ”Ομ.
1108 2429 1175 2461 μεν
1207 2416 1510 2476 τετρασυλλάβως
1537 2415 1638 2452 οἶδεν
1669 2417 1712 2452 ἐ-

896 2465 1084 2518 γρηγορῶ,
1116 2462 1151 2499 οξ
1187 2462 1228 2499 δε
1260 2462 1414 2520 νστερον
1452 2463 1514 2498 καὶ
1540 2465 1712 2523 γρηγορῶ

894 2509 1156 2554 τρισυλλάβως,
1179 2522 1272 2554 οπερ
1298 2507 1344 2545 οὐ
1370 2511 1531 2552 φιλεῖται
1549 2514 1628 2551 τοῖς
1644 2509 1712 2556 ῥή-

895 2570 960 2601 τορ
965 2568 1010 2591 σι.
1037 2557 1082 2590 cf.
1096 2556 1234 2591 Matth.
1258 2559 1290 2599 ἓ.
1319 2557 1397 2597 168,
1422 2567 1499 2591 ann.
1523 2558 1558 2591 2.
1583 2563 1649 2591 etc.
1663 2577 1711 2583 —-

897 2570 1023 2648 γέρλω.
1054 2601 1136 2638 346.
1167 2603 1246 2637 MS.
1271 2602 1429 2636 Thomae
1451 2602 1622 2647 Bentleji·
1652 2603 1711 2649 γέ-

896 2653 991 2691 λων,
1022 2653 1062 2682 ut
1096 2645 1142 2690 α’,
1173 2649 1252 2684 349.
1284 2647 1346 2681 sed
1379 2649 1421 2680 A.
1447 2651 1479 2682 1.
1504 2653 1541 2681 et
1564 2649 1639 2691 hic,
1673 2653 1710 2685 et

896 2695 996 2731 346³
1026 2694 1136 2739 γέλω,
1172 2694 1261 2739 quod
1289 2693 1485 2747 posteriore
1505 2693 1578 2730 loco
1602 2696 1711 2731 habet

898 2742 1000 2775 etiam
1029 2743 1071 2775 A.
1095 2741 1129 2775 3.
1162 2740 1269 2775 ceteri
1293 2739 1394 2773 codd.
1418 2739 1541 2785 scripti
1574 2746 1609 2775 et
1632 2743 1709 2797 ’im-

897 2798 1090 2841 pressorum
1110 2786 1341 2845 antiquiores.
1362 2782 1501 2841 γέλωτα
1519 2786 1582 2823 καὶ
1600 2801 1709 2833 ευφρ.

897 2853 943 2859 —-
973 2833 1057 2868 τοῦ
1091 2831 1133 2868 δ’
1167 2846 1238 2878 ω.ρ
1271 2830 1440 2875 θυμός.
1475 2831 1529 2876 m'‚
1550 2836 1632 2892 317,
1664 2835 1708 2879 (ς’,

896 2880 957 2922 74,
983 2880 1025 2916 ΙΙ.
1049 2876 1188 2922 ι’,595.
1213 2898 1257 2904 -
1282 2877 1552 2933 μερμήριζε.
1577 2878 1615 2925 ι’,
1637 2883 1708 2918 553

897 2932 966 2961 etc.
989 2939 1249 2961 -κατοι-
1279 2922 1451 2979 θυμόν.
1474 2925 1524 2968 α’,
1544 2906 1615 2963 294
1639 2933 1708 2963 etc.

896 2969 1149 3010 -νστατα
1179 2985 1213 3011 κ,
1237 2969 1450 3061 πύμοὲτα.
1482 2971 1530 3017 δ’,
1543 2973 1632 3010 685.
1660 2993 1706 3000 —
