1821 3288
60 121 118 160 60

663 111 1068 154 ΟΜΗΡΟΥ

231 225 412 278 ἔκριναν
443 222 553 295 μέγα
581 225 726 274 νεῖκος
756 220 934 292 ὁμοιΐου
963 221 1184 292 πολέμοιο

119 284 202 329 265
230 285 294 350 τῷ
322 279 405 324 οὐκ
435 278 536 331 οἷδ’,
567 281 609 323 εἴ
634 295 709 322 κεν
738 277 783 334 μ’

817 277 964 321 ἀνέσει
989 266 1116 329 θεὸς,
1145 277 1174 333 ἤ
1203 279 1279 321 κεν
1308 276 1436 321 ἁλώω

231 337 372 381 αὐτοῦ
399 335 465 380 ἐνὶ
498 337 657 405 Τροίῃ·
698 336 768 379 σοὶ
799 333 844 378 δ’
875 334 1036 378 ἐνθάδε
1065 334 1208 378 πάντα
1236 334 1468 389 μελόντων.

229 396 478 449 μεμνῆσθαι
506 391 674 448 πατρός
703 390 776 435 καὶ
806 390 990 461 μητέρος
1020 392 1066 434 ἐν
1087 389 1372 460 μεγάροισιν,

232 450 292 501 ιός
320 453 426 501 νῦν,
456 450 486 503 ἢ
514 449 574 493 ἔτι
603 453 795 504 μᾶλλον,
823 446 927 501 ἐμεῦ
957 446 1206 502 ἀπονόσφιν
1235 445 1396 499 ἐόντος.

228 506 371 560 αὐτάρ
403 506 512 579 ἐπην
542 506 594 560 δὴ
622 507 758 548 παῖδα
786 502 1069 558 γενειήσαντα
1097 506 1244 573 ἴδηαι,

116 570 200 610 270
228 562 439 620 γήμασθ’,
471 565 505 618 ᾧ
539 561 584 604 κ’
615 560 858 613 ἐθέλῃσθα,
891 560 990 602 τεὸν
1023 560 1134 603 κατα
1165 563 1289 613 δωμα
1318 562 1533 603 λιποῦσα*

1523 560 1589 583 “u

308 622 506 671 ,,Κεῖνος
533 617 617 666 τιὸς
645 615 855 684 ἀγόρευε,
885 616 937 658 τὰ
967 616 1021 671 δὴ
1049 620 1134 658 νῦν
1161 616 1304 659 πάντα
1332 621 1536 660 τελεῖται·

230 675 314 727 νύξ
344 673 387 718 δ’
421 676 556 721 ἐ’,σται
589 673 658 716 ὅτε
689 671 742 728 δὴ
775 672 983 728 στυγερὸς
1012 671 1150 727 γάμος
1177 671 1454 742 ἀντιβολήσει

230 731 476 803 οὐλομένης
500 729 690 799 ἐμέθεν,,
690 732 829 798 τῆστε
859 729 970 779 Ζευς
1001 729 1134 784 ὄλβον
1163 727 1351 801 ἀπηύρα.

231 787 343 831 ἀλλὰ
380 786 476 830 τόδ’
515 786 643 830 αἰνὸν
672 785 777 841 ἄχος
810 788 1000 854 κραδίην
1026 787 1100 829 καὶ
1131 786 1281 839 θυμὸν
1311 786 1463 830 ἱκάνει

114 848 202 892 275
228 843 500 915 μνηστήρων
519 842 599 899 οὐχ
627 841 703 898 ηδε
732 845 830 899 δίκη
859 842 908 886 τὸ
940 841 1130 896 πάροιθε
1159 843 1356 885 τέτυκτο·

231 900 318 945 οἷ”τ
352 898 533 971 ἀγαθήν
555 915 600 943 τε
627 904 817 954 γυναῖκα
849 900 924 942 καὶ
950 898 1156 969 ἀφνειοῖο
1185 900 1391 954 θύγατρα

228 956 498 1029 μνηστεύειν
517 956 719 1007 ἐθέλωσι,
748 956 822 999 καὶ
853 954 1054 1011 ἀλλήλοις
1083 956 1312 1011 ἐρίσωσιν,

230 1013 358 1057 αὐτοὶ
387 1012 498 1069 τοίγ’
530 1012 750 1067 ἀπάγουσι
783 1012 891 1069 βόας
919 1013 993 1055 καὶ
1022 1015 1140 1084 ἰῖμφια
1150 1017 1265 1069 μῆλα

230 1070 412 1142 κούρης
427 1073 553 1114 δαῖτα
582 1072 771 1125 φίλοισι,
805 1071 878 1112 καὶ
911 1067 1047 1125 ἀγλαὰ
1078 1073 1199 1125 δῶρα
1230 1071 1458 1120 διδοῦσιν,

114 1135 199 1181 280
231 1126 327 1178 ἀλλ’
360 1125 444 1170 οὐκ
474 1124 705 1179 ἀλλότριον
735 1127 886 1180 βίοτον
915 1126 1132 1180 νήποινον
1163 1129 1368 1175 ἐῊδουσιν.
1357 1133 1382 1151 ⁸⁶

295 1183 379 1234 Ὣς
411 1182 548 1239 φάτο·
577 1182 772 1252 γήθησεν
803 1182 850 1225 δὲ
879 1182 1095 1234 πολύτλας
1124 1185 1219 1235 δῖος
1243 1182 1500 1232 Ὀδυσσεὺς,

232 1240 396 1285 οὕνεκα
425 1244 514 1283 τῶν
543 1256 622 1308 μεν
652 1241 773 1291 δῶρα
801 1239 1057 1291 παρέλκετο,
1087 1241 1215 1295 θέλγε
1246 1240 1292 1283 δὲ
1320 1238 1468 1296 θυμὸν

230 1298 453 1356 μειλιχίοις
482 1296 672 1350 ἐπέεσσι,
701 1294 808 1347 νόος
837 1296 885 1340 δέ
916 1297 959 1339 οἷ
989 1296 1098 1340 ἄλλα
1124 1297 1321 1352 μενοίνα.

451 1398 543 1434 dona
565 1399 738 1444 promittit
760 1398 948 1443 Antinous,
973 1398 1036 1434 sed
1058 1399 1196 1446 nuptias
1220 1403 1335 1446 urget.

311 1467 406 1526 Τήν
435 1466 482 1513 δ’
516 1462 613 1513 αὖτ’
640 1465 864 1520 Ἀντίνοος
892 1467 1121 1526 προσέφη,
1141 1467 1396 1533 ,Εὐπείθεος
1425 1465 1549 1519 υἱός·

58 1608 111 1650 (ν.
144 1607 263 1641 Schol.
299 1605 475 1650 Aristoph.
510 1604 555 1639 ad
590 1604 682 1651 Equ.
717 1607 799 1642 225.
831 1609 869 1640 et

57 1654 158 1698 578.)
204 1653 313 1709 magis
337 1653 380 1686 ad
407 1663 477 1686 rem
501 1652 653 1693 faciunt,
671 1664 781 1709 quae
804 1652 867 1686 ad-

58 1701 111 1734 dit
143 1701 247 1734 haec·
283 1694 335 1733 ὧν
370 1697 521 1738 ἔπαινος
543 1699 614 1733 νῦν
638 1697 682 1734 τό
712 1697 866 1744 τάχιστα

57 1747 271 1789 κρίνειν,
295 1745 317 1781 ὅ
341 1742 417 1780 ἐστι
441 1743 541 1780 λύειν
565 1746 786 1790 (decernere,
811 1745 866 1778 di-

57 1793 214 1836 rimere),
245 1791 287 1827 τὸ
312 1792 381 1827 τοῦ
413 1790 577 1834 πολέμου
610 1794 742 1831 νεῖκος.
790 1790 865 1827 ἓτε-

58 1852 119 1883 ροι
141 1839 268 1883 μέντοι
290 1837 421 1872 κοιιόν
445 1842 549 1872 εἷπον
581 1839 694 1873 τοῦτο
718 1835 864 1872 ἀκοντι-

58 1889 162 1928 σταῖς
184 1898 242 1927 τε,
276 1898 340 1920 και
362 1883 531 1927 τοξόταις
556 1881 674 1927 ὁμοῦ,
704 1884 768 1920 καὶ
798 1884 864 1920 2⁷²:—

58 1933 208 1974 πεῦσιν,
253 1928 304 1972 ὣς
338 1931 412 1966 τῶν
442 1931 625 1967 τοιούτων
658 1933 773 1974 τριῶν
801 1942 866 1966 τα-

57 1977 207 2024 γμάτων
235 1977 389 2034 τάχιστα
419 1977 709 2020 κατορθούντων
736 1977 779 2012 τὸ
809 1977 868 2020 ε’ρ-

58 2038 137 2071 γον.
161 2044 205 2050 -
231 2021 425 2068 ὁμοιΐου
449 2027 546 2059 πολ.
595 2024 635 2058 11.
654 2022 778 2065 ‘3440
797 2028 867 2058 etc.

58 2091 104 2097 —-
127 2073 201 2107 Am.
225 2072 270 2105 2.
304 2069 349 2104 εἴ
367 2069 447 2104 κέν
471 2067 515 2112 μ’
549 2066 715 2105 ἀνέσει
737 2068 865 2108 θεός.

59 2116 99 2153 ἐκ
121 2119 191 2154 τοῦ
213 2115 389 2153 θανάτου
415 2113 569 2161 ἀφήσει,
600 2113 624 2161 ἢ
653 2115 692 2152 ἐκ
715 2117 782 2160 τῆς
805 2111 868 2151 ἀλ-

59 2165 224 2208 λοδαπῆς
256 2165 308 2203 εἰς
340 2163 408 2207 τὴν
452 2176 561 2204 παι-ρ’
558 2163 616 2198 δα
656 2161 869 2217 ἀναπέμψει

59 2225 92 2246 κ.
117 2209 343 2255 ἀνακομίσει.
376 2228 422 2233 -
454 2206 610 2250 ἁλώω,
647 2210 778 2264 capiar.
825 2209 867 2242 ΙΙ.

61 2256 102 2300 λ’,
125 2257 207 2293 405.
241 2276 288 2282 —
321 2252 578 2310 μελόντων.
626 2253 672 2299 ν’,
696 2257 764 2291 362
798 2259 865 2289 etc.

59 2323 106 2332 -ν
129 2302 422 2345 ἀπονόσφιν.
469 2299 508 2343 ε’,
533 2302 600 2336 113
624 2306 691 2336 etc.
713 2321 759 2326 —
792 2303 865 2334 Am.

62 2351 130 2390 Q:
151 2346 484 2401 γενειήσαντα
533 2348 595 2382 ἵνα
617 2348 668 2392 μή
693 2344 770 2382 υπὸ
793 2359 865 2380 πα-

60 2395 183 2438 τρώου
218 2393 430 2452 (πατρῴας)
462 2393 632 2442 ἐξουσίας
663 2393 813 2439 γένηται
846 2388 866 2428 6

60 2446 161 2482 παῖς.
209 2442 271 2477 καὶ
299 2439 427 2479 ἄλλως.
475 2440 512 2475 ἐν
528 2441 567 2494 .ιῲ
590 2440 798 2496 προτρέπει,
827 2437 866 2474 ἐν

61 2488 182 2533 τούτῳ
205 2486 422 2530 ἀποτρέπει·
449 2487 565 2531 γραῦς
588 2487 658 2543 γάρ
686 2485 770 2521 τότε
796 2485 866 2529 ε’γί-

62 2548 157 2572 veto
179 2554 225 2560 —
258 2534 443 2578 τεχνικοῖς.
498 2532 542 2567 τὸ
574 2530 642 2590 μὲν
673 2533 743 2577 γάρ
773 2545 869 2567 παν-

62 2581 174 2618 τελῶς
194 2581 328 2624 εἴργειν
349 2579 416 2614 τὸν
438 2591 579 2622 γαμον,
606 2578 788 2622 ἐπαχθές·
820 2576 865 2612 τό

63 2627 104 2663 δε
127 2628 179 2666 εἰς
203 2623 460 2669 ἀνεπιτήδειον
482 2623 625 2669 ἡλικίαν
641 2626 869 2668 περιστῆσαι,

63 2671 228 2731 συνετόν.
285 2672 545 2715 δυσωπητικόν
575 2671 791 2716 (deterrens)
826 2669 867 2707 δε

63 2720 124 2754 καὶ
148 2718 190 2754 τὸ
214 2717 322 2753 τεὸν
347 2719 491 2759 διᾶμα.

107 2765 322 2801 271-273.
373 2763 428 2798 τοὶ
466 2783 510 2789 -
544 2764 776 2798 τελεῖται.
831 2773 866 2800 v.

63 2809 115 2868 β’,
144 2812 230 2851 176,
267 2808 305 2852 ε’,
339 2811 428 2853 302,
470 2810 511 2844 ΙΙ.
537 2808 584 2854 β’,
614 2810 685 2845 330
716 2814 783 2844 etc.
820 2825 867 2834 -—-

63 2857 148 2900 νύξ
180 2854 231 2901 δ’
274 2855 430 2897 ἔσται,
471 2857 536 2889 crit
572 2856 661 2888 enim
696 2866 762 2888 nox
797 2858 867 2889 etc

63 2906 137 2941 Am.
162 2891 227 2946 Q.·
250 2899 381 2939 ἐλπίδα
397 2902 525 2939 πᾶσαν
547 2899 676 2943 αυτοῖς
699 2897 865 2947 ὑποβάλ-

912 1609 966 1643 λει
996 1606 1067 1641 τοῦ
1096 1604 1242 1652 γάμου,
1287 1606 1501 1649 δεδοικυῖα,
1541 1606 1633 1651 [ἳνα]
1665 1606 1718 1652 μή

912 1655 1065 1698 βιασθῇ.
1127 1654 1227 1698 quasi
1272 1652 1531 1688 inevitabilibus
1575 1654 1718 1698 nuptiis,

911 1700 1086 1744 Penelope
1110 1700 1264 1744 queritur
1287 1706 1416 1733 tantum
1442 1699 1485 1734 de
1508 1711 1601 1734 more
1624 1701 1720 1734 inso-

910 1746 973 1780 lito
998 1757 1138 1781 uxorem
1163 1745 1328 1787 ducendi,
1363 1756 1463 1789 quem
1498 1746 1594 1791 proci
1617 1758 1719 1781 usur-

911 1792 1083 1837 paverint.
1115 1811 1152 1816 -—
1189 1790 1213 1827 ἀ
1224 1805 1244 1824 ν
1253 1805 1273 1825 τ
1283 1805 1295 1825 ι
1304 1793 1327 1838 β
1337 1804 1356 1827 ο
1365 1794 1384 1825 λ
1393 1790 1415 1834 ή
1426 1803 1446 1827 σ
1456 1804 1472 1827 ε
1483 1804 1514 1833 ι,
1549 1793 1719 1836 obveniet,
1753 1792 1755 1794 ’

911 1838 1058 1872 eveniet.
1114 1835 1160 1879 δ’,
1202 1838 1282 1879 547,
1314 1837 1352 1870 Il.
1377 1837 1424 1881 δ’,
1466 1837 1535 1872 342
1573 1843 1640 1874 etc.
1671 1858 1718 1868 -ε

911 1898 931 1921 ο
941 1883 963 1919 ὕ
977 1886 997 1918 λ
1008 1897 1028 1919 ο
1038 1895 1064 1928 μ
1076 1881 1093 1919 ε’
1101 1897 1152 1929 νη
1165 1896 1182 1924 ς
1193 1908 1205 1926 ,
1228 1885 1408 1928 perditae,
1432 1883 1603 1920 infelicis:

957 1951 1037 1988 274.
1083 1951 1124 1985 11.
1149 1950 1204 1994 θ’,
1230 1952 1308 1994 147,
1326 1951 1370 1996 ο’,
1393 1953 1462 1989 208
1480 1957 1550 1990 eto.
1595 1951 1717 1996 τόδε,

912 1999 1005 2044 quod
1030 1997 1167 2033 dictura
1190 2001 1253 2033 est.

958 2067 1080 2102 275—
1088 2068 1168 2103 283.
1216 2063 1303 2123 οὐχ
1336 2065 1420 2125 ἥδε
1444 2069 1565 2125 δίκη.
1613 2068 1718 2111 ἔθος.

913 2112 997 2148 ἀντὶ
1019 2114 1109 2154 τοῦ,
1141 2111 1208 2167 οὐχ
1234 2127 1344 2157 ουτος
1367 2112 1386 2150 6
1411 2114 1549 2159 τρόπος
1572 2112 1718 2174 ὗπηρχε

911 2161 986 2195 τῶν
1010 2158 1227 2204 μνηστήρων
1250 2159 1289 2196 ἐν
1304 2157 1363 2195 τιι·”
1395 2162 1559 2217 προτέρῳ
1582 2163 1718 2207 χρόνῳ.

912 2227 958 2233 -
984 2204 1197 2262 ἀγαθήν,
1222 2208 1356 2248 bonam,
1380 2209 1538 2244 nobilem.
1583 2210 1636 2252 θ’,
1647 2209 1716 2244 143

913 2257 980 2287 etc.
1005 2271 1048 2277 —
1074 2250 1332 2309 ἀπάγουσι,
1357 2255 1531 2290 abducunt
1547 2255 1717 2290 domm—-

911 2301 987 2334 Αιιι.
1013 2299 1079 2340 Q.:
1119 2298 1305 2358 κούρης.
1358 2302 1429 2358 τῆς
1457 2297 1714 2362 νύμφης.οὗ

911 2344 1028 2390 μόνον
1053 2343 1136 2380 δε
1116 2361 1139 2392 η
1164 2347 1373 2390 παρθένος,
1405 2345 1495 2383 ἀλλὰ
1524 2349 1588 2385 καὶ
1611 2346 1634 2393 ἡ
1657 2359 1716 2392 γε-

911 2391 1124 2451 γαμημένη,
1148 2392 1240 2439 κόρη
1265 2395 1437 2429 καλεῖται.
1485 2408 1540 2440 πρ
1557 2397 1716 2429 οσεῖπε

913 2438 963 2473 δὲ
1000 2437 1074 2483 Ορ
1054 2438 1224 2484 ρέστης
1269 2439 1518 2475 Λάκαιναν
1564 2440 1716 2481 κόραν

913 2485 1063 2539 (Eurip.
1093 2485 1158 2521 Or.
1197 2487 1318 2530 1393.)
1359 2483 1418 2521 ἐπὶ
1457 2488 1523 2531 τῆς
1555 2484 1717 2544 Ελένης.

912 2531 962 2564 sic
984 2531 1193 2586 Proserpina
1216 2538 1323 2577 nupta
1341 2532 1445 2577 Κόρη
1465 2537 1610 2567 vocatur
1628 2530 1717 2568 κατ’

913 2575 1718 2622 550272'11:v.Aristoph.Thesm.293—-294

912 2629 978 2657 etc.
1003 2643 1049 2650 —-
1073 2623 1224 2668 ἀγλαοὶ
1249 2625 1384 2666 δωρα.
1433 2624 1479 2668 δ’,
1501 2626 1570 2662 589
1593 2630 1661 2661 etc·
1669 2643 1717 2650 ·-

913 2668 1172 2714 ἀλλότριον
1212 2690 1261 2695 ·--
1301 2670 1511 2707 ἔδουσιν.
1567 2668 1614 2713 α’,
1646 2672 1717 2708 160

913 2720 981 2751 etc.
1030 2717 1074 2751 de
1112 2717 1384 2751 homoeoteleuto
1408 2719 1453 2751 cf.
1478 2715 1521 2760 ζ’,
1555 2718 1636 2758 201,
1666 2713 1713 2757 κ’,

911 2763 992 2798 573.
1015 2782 1061 2788 -
1084 2763 1365 2806 παρέλκετο,
1390 2763 1612 2805 attrahebat,
1637 2762 1714 2797 alli-

911 2809 1038 2845 ciebat.
1062 2828 1106 2835 -—
1129 2808 1276 2854 θέλγε.
1324 2809 1370 2851 α’,
1388 2811 1434 2845 57
1451 2814 1570 2845 etc.--
1595 2812 1712 2853 μειὶ.

910 2854 1113 2892 ἐπέεσσι.
1176 2823 1239 2898 ζ’,γ
1250 2856 1316 2890 143
1350 2862 1416 2890 etc.
1449 2876 1496 2883 -—
1526 2855 1640 2902 νόος
1664 2877 1712 2884 --

909 2912 1005 2947 μεν.
1051 2903 1097 2938 cf.
1121 2899 1166 2949 β’,
1191 2903 1251 2944 92,
1277 2901 1322 2945 ν’,
1345 2902 1426 2939 381.
