1821 3251
53 1222 55 1225 ’
112 1220 273 1275 ἐλάφων.

121 90 181 129 24

749 87 1162 135 ΟΜΗΡΟΥ

293 196 431 252 θρέψε
460 197 552 268 μὲν,
582 195 681 242 οὐδ’
707 196 929 269 ἀπόνητο,
950 199 1092 254 πάρος
1120 201 1159 245 δ’
1198 201 1457 254 εἷςἨῙλιον
1440 221 1540 263 ιρην

293 255 440 325 ὤχετο.
471 253 548 297 τὸν
578 256 624 298 δὲ
656 255 874 310 πάροιθεν
904 254 1136 310 ἀγίνεσκον
1163 259 1259 302 νέοι
1288 259 1447 312 ἄνδρες

177 312 262 357 295
293 316 419 364 αι’γας
446 310 509 354 ἐπ’
536 310 788 365 ἀγροτέρας,
816 312 893 369 ηδὲ
921 314 1099 365 πρόκας,
1128 314 1212 369 ἠδὲ
1233 317 1457 370 λαγωούς

293 366 365 422 [δή
393 367 491 410 τότε
519 368 616 411 κεῖτ’
649 369 906 418 ἀπόθεστος,
934 367 1239 439 ἀποιχομένοιο
1271 373 1478 425 ἀνακτος,

289 424 337 465 ἐν
366 428 508 491 πολλῇ
535 426 708 481 κόπρῳ,
739 426 767 482 ἥ
799 427 842 468 οἱ
854 425 1147 493 προπάροιθε
1159 428 1362 502 θυράων

287 479 482 533 ἠμιόνων
512 497 577 532 τε,
609 484 730 536 βοῶν
758 498 816 531 τε,
846 479 941 532 ἅλις
969 481 1123 537 κέχυτ’,
1145 482 1258 540 ὄφρ’
1294 485 1349 528 ἂν
1380 484 1531 541 ἄγοιεν

290 539 429 590 ὁμωες
454 536 720 608 Ὀδυσσῆος,
737 539 912 592 τέμενος
943 538 1052 592 μέγα
1082 544 1414 593 κοπρίσσοντες·

174 596 259 638 300
289 593 400 636 ενθα
431 595 552 636 κύων
579 597 683 637 κεῖτ
698 593 884 664 Ἄργος,
907 593 1118 645 ἐνίπλειος
1149 598 1508 664 κυνοραιστέων]

290 649 344 703 δή
374 649 470 693 τότε
499 651 549 705 γ’,
582 667 640 700 ως
668 649 848 724 ἐνόησεν
875 648 1085 693 Ὀδυσσέα
1115 650 1245 706 ἐγγὺς
1276 654 1420 703 ἐόντα,

288 707 404 762 ου’ρῆ
433 708 512 762 μέν
543 705 586 762 ῥ’
617 705 680 764 ὅγ’
709 707 847 765 ἔσηνε,
876 708 951 751 καὶ
981 705 1123 752 οὔατα
1148 708 1371 767 κάββαλεν
1400 710 1560 770 όὲμφω,Ι

161 852 358 888 293-295.
384 850 616 910 ἀπόνητο,
634 855 770 898 fruitus
793 859 854 890 est.
878 855 920 898 λ,

114 898 183 933 323
209 904 276 932 etc.
302 920 348 925 ——
379 898 658 944 ἀγίνεσκον,
688 903 812 936 ducere
834 904 922 937 sole-

115 944 211 979 bant.
234 944 275 987 ξ’,
302 946 368 979 105
393 953 459 980 etc.
484 966 529 972 —-
554 952 696 991 αἱγας
720 947 921 993 ἀγροτέ-

114 1002 210 1033 ρας.
241 989 369 1035 ἀγρίας
393 998 429 1026 et
453 991 667 1047 ὀρεσκῴους
678 993 766 1029 dixit
789 994 827 1036 ι’,
853 997 920 1031 118

113 1041 151 1070 et
175 1036 253 1077 155,
279 1038 337 1070 ubi
362 1050 394 1072 v,
419 1050 497 1075 ann.
516 1061 559 1065 —
581 1038 733 1084 πρόκα
755 1052 822 1075 una
846 1053 921 1075 cum

113 1094 217 1116 cervo
233 1083 404 1118 nominare
419 1086 508 1120 solet
526 1087 749 1121 Aristoteles:
773 1100 807 1122 v,
822 1089 866 1122 Η.
880 1090 921 1124 A.

115 1130 150 1170 2,
175 1131 231 1172 11,
256 1130 290 1163 5.
316 1137 381 1165 etc.
417 1132 522 1166 Sch..
555 1132 749 1192 πρόκας.
784 1132 924 1178 δορκά-

114 1175 190 1208 δων
214 1173 367 1217 εἶδος,
351 1175 374 1221 η“
398 1175 555 1222 ε’λάφων.
579 1180 604 1223 ἢ
628 1179 675 1213 τά
695 1180 825 1223 ἔκγονα
848 1182 922 1214 ταῖν

331 1223 403 1256 Am.
428 1224 493 1257 B.-
525 1226 622 1268 πρὸξ
653 1223 752 1266 εἶδος
776 1224 921 1271 ἐλάφου

112 1267 340 1312 ταχυτάτης,
366 1268 440 1304 ἀπὸ
467 1272 535 1305 τοῦ
559 1275 828 1314 προὶκνεῖσθαι.
867 1274 919 1307 E:

111 1315 262 1357 πρόκες,
288 1315 391 1358 φασὶ,
416 1316 610 1360 δορκάδων
634 1318 754 1360 εἶδος,
789 1317 812 1364 ἢ
836 1317 920 1354 3202-

113 1373 196 1403 φων
221 1362 350 1404 ἔκγονα
374 1363 518 1406 vsoyvd,
546 1378 656 1421 παρα
677 1366 718 1401 τὸ
742 1368 920 1409 προκίειν,

112 1406 136 1453 ἢ
167 1408 268 1452 παρὰ
291 1407 333 1442 τό
358 1410 591 1452 προΐξεσθαι.
635 1410 727 1448 οθεν
757 1411 780 1457 ἡ
805 1413 918 1457 πρὸξ·

110 1459 239 1498 ταχεῖα
268 1453 351 1498 γάρ.
399 1459 466 1500 Ap.
499 1459 629 1492 emend
641 1472 649 1492 τ
679 1459 835 1502 πρόκας.
882 1458 920 1493 οἱ

110 1499 189 1545 μὲν,
214 1500 397 1556 ἐλάφους·
421 1503 456 1536 οι
467 1501 518 1545 δε,
544 1503 669 1547 ἕτερόν
693 1519 729 1540 τι
748 1505 844 1548 ζῶου
869 1505 920 1541 εἷ’-

112 1549 191 1588 δος,
215 1544 348 1591 ὅμοιον
373 1551 514 1603 λαγωῷ,
540 1547 560 1585 ὃ
583 1555 746 1587 καλεῖται
771 1553 919 1596 δορκάς.

109 1592 242 1628 Ἀπίων
265 1593 303 1628 δὲ
330 1592 403 1629 ἀπὸ
430 1598 499 1631 τοῦ
515 1597 653 1642 μεγάλα
671 1600 815 1655 κέρατα
828 1601 920 1643 ἔχειν

110 1639 173 1675 ἔτι
174 1643 343 1696 μολογεῖ,
387 1639 467 1677 οἷον
497 1646 708 1699 προκέρας,
744 1644 818 1681 ἀπὸ
853 1649 920 1681 τοῦ

109 1687 182 1730 πρὸ
207 1689 273 1731 τῆς
299 1684 442 1732 ἡλικίας
465 1688 571 1732 κέρας
594 1691 717 1735 φύειν.
765 1693 858 1747 Ijles)
865 1695 918 1728 ch.

110 1740 294 1778 corrupte·
327 1733 474 1777 πράκες.
504 1736 752 1783 Ἀρίσταρχος,
778 1737 921 1782 ἔλαφοι.

108 1780 264 1822 πόρκας.
300 1778 475 1835 ἐλάφους.
509 1784 686 1827 προύκας.
723 1785 920 1828 δορκάδας.

109 1827 155 1860 cf.
180 1827 286 1859 Schn.
315 1838 350 1859 v.
373 1825 486 1871 πρὸξ,
509 1835 609 1876 [quae
634 1833 741 1865 dama
766 1838 819 1866 est
846 1833 920 1865 Ga-

109 1883 172 1906 zae
197 1873 287 1917 apud
313 1873 542 1912 Aristotelem.
582 1877 791 1923 interpretes
822 1878 921 1912 latini

107 1917 248 1963 πρόκας
279 1919 428 1953 reddunt
465 1933 603 1965 cervos,
639 1925 778 1958 Vossius
811 1925 920 1961 Rehe.

107 1984 155 1989 —
177 1965 407 2009 λαγωούς.
430 1966 469 1999 ΙΙ
496 1967 538 2008 κ’,
564 1971 645 2011 361,
671 1970 715 2014 χ’,
737 1972 816 2006 310.

153 2012 263 2046 296—
270 2013 350 2046 300.
387 2017 506 2056 specta
530 2015 757 2051 imitatorem!
784 2017 919 2051 dixerat

108 2057 211 2092 Hom.
235 2058 336 2092 306.=
371 2059 471 2093 κύων
503 2059 567 2095 οδε
591 2059 678 2097 κεῖτ’
701 2063 756 2098 ἐνὶ
770 2063 918 2119 κόπρῳ,

107 2101 248 2147 κόπρον
267 2103 462 2161 intelligens
480 2107 597 2151 κόνιν,
623 2114 662 2142 ut
685 2110 724 2143 11.
750 2107 793 2153 χ’,
817 2110 917 2153 414.;

107 2149 175 2183 iste
199 2154 323 2193 auget,
356 2148 441 2186 κεῖτ’
467 2150 506 2187 ἐν
529 2156 682 2207 πολλῇ
704 2155 849 2201 κόπρῳ,
883 2163 919 2191 et

106 2194 143 2228 in
167 2201 315 2229 stercore
338 2209 398 2231 seu
413 2200 502 2242 fimo
523 2200 643 2243 jacere
668 2202 753 2236 dicit
775 2205 916 2246 Argum,

107 2242 199 2285 quod
237 2246 291 2275 est
314 2255 431 2286 suum,
463 2257 529 2278 non
555 2258 691 2289 canum,
727 2249 805 2294 qui,
845 2251 917 2283 acri

108 2288 255 2321 odoratu
281 2290 441 2342 praediti,
471 2293 592 2336 fugere
616 2295 728 2328 solent.
751 2295 917 2330 foetores.

106 2352 153 2358 —
186 2334 237 2366 E:
281 2332 560 2379 ἀπόθεστος
600 2336 620 2374 6
664 2339 844 2385 ἀφίλητος
883 2356 918 2377 κ.

107 2376 352 2424 ἀτημέλητος,
385 2381 424 2417 ἐκ
456 2386 524 2419 τοῦ
547 2387 662 2420 norm
685 2387 847 2422 ποθέσω.
873 2407 916 2413 -

106 2426 315 2469 τέμενος.
351 2427 394 2470 ζ’,
419 2431 498 2466 293.
533 2443 661 2476 agrum
684 2444 745 2467 seu
761 2435 917 2476 fundum

104 2473 358 2517 interpretatur
403 2477 478 2510 Am.
521 2477 581 2514 B.:
620 2482 918 2524 καταχρηστικῶς

105 2518 190 2571 tf'u
203 2531 308 2559 ενος
328 2518 369 2555 τό
387 2524 534 2565 χωρίον.
563 2525 625 2558 sed
644 2534 784 2570 praeter
799 2539 916 2561 neces-

105 2563 254 2598 sitatem.
293 2566 383 2601 idem
408 2575 524 2603 recte:
548 2574 916 2615 κοπρίσσοντες.

104 2610 383 2654 κοπρεύσοντες,
407 2613 551 2658 κόπρον
568 2629 612 2662 τῃ
629 2619 676 2663 γῇ
700 2617 915 2664 ἐπιβάλλον-

105 2669 176 2695 τες.
201 2677 247 2681 -
271 2657 516 2701 ἐνίπλειος
540 2667 912 2708 κυνοραιστέων,

101 2704 226 2746 plenus
247 2706 443 2741 ricinornm.
487 2708 552 2742 hoc
585 2722 668 2744 sane
701 2723 743 2745 ex
773 2713 816 2746 iis
848 2719 912 2754 est,

105 2760 196 2793 quae
220 2749 355 2784 silentio
381 2755 570 2796 praeterire
595 2757 682 2790 solet
705 2758 761 2791 hic
785 2768 912 2800 noster,

105 2801 141 2827 et
159 2796 307 2830 auditori
329 2800 510 2842 cogitanda
530 2801 738 2847 relinquere.
761 2810 914 2838 ceterum

103 2840 158 2873 E:
195 2846 542 2900 κυνοραισται,
580 2848 714 2893 inquit,
750 2848 797 2885 δι’
832 2850 914 2891 ἑνὸς

103 2884 169 2928 ῥῶ,
201 2888 296 2922 κατά
320 2902 358 2924 τε
383 2891 508 2935 φύσιν,
539 2908 571 2929 κ.
600 2894 665 2929 διά
672 2894 841 2954 μέτρον,
877 2899 912 2933 οὶ

104 2946 192 2976 τους
214 2936 329 2978 κύνας
351 2935 530 2982 §aiones-
571 2938 611 2984 ἐξ
642 2937 688 2977 οὗ
711 2942 806 2979 κατὰ
829 2942 913 2980 διά-

966 857 1072 891 λυσιν
1095 868 1127 890 κ.
1151 853 1377 901 παραγωγήν
1388 853 1439 890 -τὸ
1466 853 1606 910 ῥαιζειν
1625 854 1781 899 γίνεται,
1809 856 1816 860 ”

968 900 1036 946 ἀφ’
1051 915 1097 937 ου
1116 905 1177 937 καὶ
1195 899 1538 947 θυμοραϊστὴς
1561 901 1621 945 (11.
1647 901 1692 945 ν’,
1695 902 1781 955 ,544

968 949 1074 1002 eto),
1114 946 1303 996 ἀναλόγως
1345 950 1395 994 τῷ
1439 939 1780 991 κυνοραϊστής.

967 994 1134 1049 λε’γονται
1167 996 1206 1030 δὲ
1238 996 1345 1030 οὗτοι
1374 1007 1436 1030 και
1468 992 1648 1037 κρότωνες
1674 992 1782 1048 πικροὶ

966 1044 1046 1080 τοῖς
1069 1038 1238 1097 ύστερον.
1281 1039 1373 1076 ὅθεν
1397 1040 1460 1075 και
1482 1042 1663 1084 παροιμία
1686 1037 1782 1074 κατά

966 1099 1071 1127 τινας
1093 1086 1146 1136 ,τὸ
1173 1085 1477 1144 υγιέστερος
1506 1085 1782 1129 κρότωνος,

967 1134 1052 1178 περὶ
1085 1129 1128 1177 ἧς
1163 1131 1421 1190 ἀκριβέστερον
1444 1131 1483 1168 ἐν
1507 1136 1586 1174 τοῖς
1610 1133 1680 1167 τοῦ
1706 1133 1782 1167 Πε-

967 1181 1159 1237 ριηγητοῦ
1174 1183 1303 1215 κεῖται.
1333 1183 1407 1236 Ap.
1432 1180 1583 1212 emend.=
1591 1191 1782 1234 κυνοραι·

968 1226 1093 1260 στέων.
1143 1224 1204 1261 ἐπὶ
1234 1227 1305 1261 τοῦ
1333 1222 1534 1266 Ὀδυσσέος
1564 1213 1718 1267 κυνός,
1722 1237 1782 1265 ος

967 1271 1145 1306 ἐκαλεῖτο
1139 1270 1275 1315 Ἄργος.
1301 1271 1460 1309 τούτους
1483 1270 1516 1306 δ’
1541 1271 1577 1305 οἱ
1599 1284 1667 1315 μεν
1690 1284 1781 1312 τους

967 1317 1168 1375 κρότωνας,
1194 1317 1267 1353 ἀπό
1293 1320 1362 1354 τοῦ
1389 1315 1478 1358 τούς
1503 1315 1619 1359 κύνας
1646 1316 1780 1362 (hiem,

967 1362 988 1400 ὅ
1015 1362 1089 1399 ἐστι
1115 1366 1308 1421 φθείρειν
1343 1363 1390 1403 οἱ
1411 1361 1452 1398 ὁε
1485 1363 1552 1403 τάς
1575 1364 1781 1419 λεγομένας

965 1415 1184 1454 κυνομυίας.
1221 1412 1296 1446 τῶν
1324 1407 1426 1453 daug
1458 1408 1668 1465 εἰρημένων.
1702 1412 1781 1450 Ari-

965 1462 1049 1512 stpt.
1074 1458 1120 1491 Η.
1144 1460 1184 1491 Α.
1211 1459 1246 1501 5,
1272 1457 1330 1497 25,
1354 1457 1406 1490 2.
1431 1474 1474 1480 -
1501 1453 1589 1496 ὄνος
1612 1469 1682 1492 ουκ
1705 1456 1779 1513 ε’χει.

967 1501 1054 1538 οὔτε
1077 1506 1270 1560 φθεῖρας,
1307 1498 1392 1537 οὔτε
1426 1500 1634 1546 κρότωνας·
1650 1501 1705 1538 οὶ
1736 1500 1779 1538 δὲ

966 1549 1050 1603 βόες
1074 1549 1218 1593 ἔχουσιν
1242 1549 1372 1593 ἄμφω·
1406 1549 1450 1582 τοὶ
1485 1548 1526 1584 δε
1539 1547 1722 1607 πρόβατα
1743 1563 1777 1584 κ.

966 1600 1066 1640 αιγες
1089 1595 1297 1654 κρότωνας,
1323 1597 1485 1639 φθεῖρας
1509 1593 1547 1630 δ’
1576 1593 1646 1631 οὐκ
1670 1594 1778 1640 ε’χου-

967 1653 1021 1676 σι·
1054 1643 1116 1676 καὶ
1139 1643 1203 1682 ’ὗες
1226 1645 1388 1688 φθεῖρας
1410 1640 1589 1685 μεγάλους
1611 1655 1644 1678 κ.
1666 1644 1780 1697 σκλη-

967 1686 1074 1731 ρούς·
1100 1686 1140 1723 ἐν
1164 1688 1204 1724 δὲ
1228 1692 1309 1728 τοῖς
1331 1688 1438 1723 κυσὶν
1463 1701 1509 1723 οι
1533 1686 1775 1731 καλούμε-

966 1747 1044 1770 νοι
1067 1736 1256 1780 γίγνονται
1273 1747 1386 1770 κυνο
1402 1735 1614 1777 ραιστοιί.
1640 1735 1777 1776 πάντες

967 1780 1008 1815 δὲ
1043 1782 1078 1814 οὶ
1112 1784 1268 1826 φθεῖρες
1298 1779 1336 1815 ἐν
1359 1784 1439 1820 τοῖς
1463 1779 1608 1825 ε’χουσιν
1639 1779 1678 1824 ἐξ
1709 1794 1777 1816 αυ-

966 1828 1041 1861 τῶν
1063 1828 1251 1872 y1'2vovtou
1273 1828 1349 1861 τῶν
1373 1826 1487 1868 ζώων.
1511 1828 1571 1871 qui
1592 1838 1701 1871 genus
1718 1839 1778 1873 pe-

967 1873 1156 1907 diculorum
1182 1875 1300 1907 dicere
1323 1872 1462 1907 videtur
1491 1873 1581 1913 τούς
1604 1878 1778 1916 κυνοραί-

967 1920 1079 1959 στάς,
1103 1919 1178 1954 scil.
1201 1920 1349 1960 ricinos,
1373 1930 1495 1952 acures
1516 1920 1640 1952 ricinos
1662 1919 1775 1962 Liun.‚

965 1966 1204 2006 Ηιιηιίείαιῖςε,
1227 1977 1294 1998 non
1316 1966 1532 2008 κυνομυίας,
1555 1966 1777 2020 Ῑιίμμοὸοεοαε

965 2011 1088 2051 Linn.9
1113 2012 1390 2055 Hundsfliegem
1426 2010 1545 2056 quibus
1569 2011 1670 2046 etiam
1693 2012 1774 2058 equi

966 2064 1002 2090 et
1036 2068 1118 2090 oves
1150 2057 1356 2090 infestantur
1387 2056 1449 2100 (v.
1481 2057 1586 2090 Schn.
1619 2068 1696 2091 ann.
1727 2057 1774 2092 ad

965 2102 1159 2148 philosophi
1183 2103 1207 2137 l.
1227 2104 1298 2147 c.;)
1325 2103 1417 2147 quod
1440 2114 1561 2137 nomen
1586 2114 1711 2138 vereor
1733 2108 1774 2138 ut

964 2153 1059 2184 recte
1083 2149 1199 2185 fictum
1224 2150 1266 2183 ab
1290 2128 1437 2184 Homero
1461 2149 1605 2183 dixerim
1627 2161 1704 2184 ann.
1726 2150 1773 2186 ad

963 2194 1006 2228 11.
1033 2192 1085 2239 φ’,
1108 2193 1190 2230 394.

1013 2286 1207 2323 301—305.
1235 2287 1284 2321 E:
1311 2283 1364 2332 δὴ
1387 2305 1433 2312 -
1456 2285 1613 2331 εόντα,
1637 2276 1708 2324 οὐκ
1731 2285 1771 2324 ἐκ

963 2332 1030 2376 τῆς
1053 2331 1166 2375 θέας,
1200 2346 1248 2373 ως
1270 2334 1386 2375 εἰκὸς,
1411 2331 1588 2377 ἠλλοίωτο
1611 2333 1682 2380 γὰρ
1695 2333 1772 2390 τήν

962 2379 1133 2423 μορφήν,
1159 2377 1247 2422 ἀλλ’,
1271 2377 1321 2422 ὥς
1335 2379 1510 2437 ἰχνευτής
1533 2381 1659 2424 (317),
1683 2378 1770 2424 σ’ξιῖ-

961 2438 1043 2468 τητι
1067 2424 1304 2479 ὀσφρήσεως,
1327 2441 1368 2473 ῃ,
1390 2427 1495 2470 φασὶ,
1519 2426 1581 2462 καὶ
1605 2426 1644 2462 ἐν
1666 2427 1772 2462 νυκτὶ

961 2473 1141 2511 διακρίνει
1170 2469 1212 2506 τὸ
1240 2471 1380 2508 οἰκεῖον
1402 2473 1473 2506 τοῦ
1496 2465 1712 2529 ἀλλοτρίου·
1735 2472 1768 2531 ἢ

961 2519 1024 2556 καὶ
1048 2516 1174 2559 ἄλλως,
1199 2517 1278 2553 επεὶ
1303 2517 1520 2562 ἀνθρώποις
1542 2516 1680 2564 Ἀθηνᾶ
1703 2519 1771 2555 τόν

962 2563 1139 2603 Οδυσσέα
1180 2563 1383 2619 ἐπέκρυψεν
1425 2564 1676 2622 ἀλλοιώσασα,
1723 2580 1768 2602 ου

960 2610 1035 2654 μὴν
1059 2625 1121 2646 και
1145 2607 1291 2654 ἀλόγοις
1315 2610 1439 2653 ζώοις·
1467 2609 1547 2666 ᾅγε
1569 2610 1669 2656 γὰρ,
1687 2626 1768 2669 φη·-

961 2657 1017 2692 σὶν
1065 2657 1127 2700 (ν’,
1150 2659 1251 2702 397),
1277 2656 1516 2702 ἅγνωστόν
1545 2669 1592 2694 σε
1614 2657 1767 2702 τεύξω

960 2705 1096 2746 πᾶσι
1125 2706 1370 2759 βροτοῖς
1410 2713 1510 2750 ου’τω
1543 2715 1585 2751 δὲ
1613 2713 1638 2772 ᾗ
1671 2714 1768 2774 αὐτή

955 2756 1099 2803 Ἀθηνᾶ
1136 2760 1203 2802 (’,π
1229 2763 1336 2818 162)
1356 2760 1552 2817 Τηλεμάχῳ
1582 2774 1651 2805 μεν
1689 2762 1770 2798 ἐπι·

958 2805 1108 2848 κρύπτει
1142 2805 1180 2841 ἐν
1202 2812 1281 2847 τοῖς
1312 2805 1439 2852 ἀγροῖς
1468 2806 1623 2850 ἑαυτήν,
1656 2809 1693 2844 οἱ
1726 2809 1767 2845 δὲ

958 2853 1066 2892 κύνες
1097 2851 1210 2889 εἶδον.
1248 2852 1298 2894 ὦς
1332 2856 1460 2890 τοίνυν
1493 2852 1513 2888 ὁ
1538 2853 1638 2889 κύων
1674 2855 1765 2900 ε’γνω

958 2898 1024 2933 τὸν
1043 2899 1245 2942 Ὀδυσσέα,
1278 2898 1395 2945 οὐρῇ
1424 2912 1511 2943 μεν
1544 2900 1678 2943 ε’σηνε
1700 2902 1764 2946 (κ’,

957 2948 1040 2990 217,
1058 2948 1138 2990 219,
1161 2945 1212 2991 π’,
1235 2944 1546 2993 6.)-οι”μφω,
1531 2945 1556 2984 ὀ
1579 2948 1626 2994 δὴ
1649 2962 1764 2996 χαρα-
1820 2960 1821 2974 ¹
