1821 3288
63 128 152 170 2⁰2

708 122 1106 167 ΟΜΗΡΟΥ,

240 232 491 290 Τηλέμαχος
519 231 565 279 δ’
595 231 816 286 ἐνένιπεν,
847 232 950 285 ἔπος
976 232 1022 278 τ’
1051 231 1192 290 ἔφατ’,
1228 232 1275 278 ἔκ
1304 233 1347 278 τ’
1377 231 1584 292 ὀνόμαξε·

451 336 675 397 pertinaciam
702 335 820 371 matris
847 334 1069 382 reprehendit
1094 336 1334 370 Telemachus.

314 405 510 476 ,,Μῆτερ
538 403 616 460 ἐμή
650 403 892 474 δύσμητερ,
924 401 1092 474 ἀπηνέα
1121 402 1270 459 θυμὸν
1299 404 1485 475 ἔχουσα,

234 459 365 515 τίφθ’
397 461 514 504 οὕτω
544 460 710 514 πατρὸς
739 462 989 533 νοσφίζεαι,
1023 459 1126 504 οὐδὲ
1155 478 1242 513 παρ
1295 461 1435 506 αὐτὸν

234 516 412 588 ἑζομένη
444 518 656 588 μύθοισιν
685 516 900 576 ἀνείρεαι,
933 516 1038 560 οὐδὲ
1066 521 1299 586 μεταλλεῖς,

124 580 203 622 100
237 573 310 628 [οὔ
340 575 420 629 μέν
449 572 494 616 κ’
524 573 632 629 α’λλη
660 572 707 630 γ’
740 569 824 617 ὦδε
853 573 966 630 γυνή
996 573 1188 629 τετληότι
1215 577 1348 641 θυμῷ

183 631 202 652 ᾳ

233 629 394 684 ἀνδρὸς
424 628 660 702 αφεσταίη,
703 629 752 680 ὃς
783 631 826 673 οἰ
856 631 969 674 κακοὶ
998 632 1136 674 πολλὰ
1164 631 1360 687 μογήσας

232 688 355 731 ἔλθοι
389 686 589 743 ἐεικοστῷ
621 687 705 730 ε’τεὶ
733 688 775 738 ἐς
805 689 994 757 πατρίδα
1021 692 1152 742 γαῖαν
1167 689 1194 741 ·]

233 744 304 789 σοὶ
333 741 375 788 δ’
409 744 494 787 αἰεὶ
522 732 679 800 κραδίη
713 746 975 800 στερεωτέρη
1008 745 1096 788 ἐστὶ
1123 746 1295 794 λίθοιο;

283 845 470 889 respondet
495 846 692 892 Penelope,
726 858 803 882 esse
827 846 992 893 quaedam
1010 846 1132 891 signa,
1169 845 1235 881 sibi
1261 849 1296 881 et
1319 844 1437 890 Uljssi
1462 843 1546 880 solis
1568 844 1721 889 cognita,

198 891 322 938 quibus
346 892 435 926 hunc
459 898 637 937 agnoscat.

312 961 403 1004 Τὸν
432 958 477 1006 δ’
508 955 613 1005 αὖτε
642 959 871 1016 προσέειπε
907 961 1136 1016 περίφρων
1167 957 1461 1016 Πηνελόπεια·

58 1103 182 1150 Itaque
207 1103 309 1139 hodie
333 1105 437 1140 etiam
462 1118 544 1148 nos,
569 1118 713 1152 quorum
738 1107 869 1152 judicio

59 1152 179 1185 relicta
204 1162 340 1196 semper
364 1159 417 1186 est
441 1152 475 1186 in
500 1153 627 1186 talibus
660 1155 755 1197 optio
779 1154 869 1187 inter

59 1208 80 1232 σ
104 1201 140 1231 et
166 1208 226 1237 66,
256 1208 322 1231 non
353 1203 407 1232 est
431 1210 494 1232 cur
518 1200 661 1232 formam
685 1200 869 1243 legitimam

59 1241 291 1288 οἷγνιόσασκε,
325 1244 380 1277 vel
409 1244 438 1277 si
472 1244 571 1276 nullis
606 1244 703 1277 libris
728 1246 868 1286 nitatur,

57 1289 295 1335 repudiemus,
322 1290 422 1323 aliam
445 1289 744 1325 insolentissimam
766 1302 870 1335 prae-

57 1336 230 1369 feramus.‘
221 1338 245 1354 ‘⁶
292 1335 347 1368 Ita
372 1335 426 1369 vir
449 1346 582 1379 sagax,
609 1337 705 1381 cujus
730 1343 869 1370 senten-

57 1382 126 1416 tiae
149 1393 216 1414 non
249 1381 406 1415 dubitavi
439 1381 668 1416 subscribere.
716 1389 867 1417 ceterum

56 1428 158 1484 vulgo
183 1426 217 1460 in
251 1427 350 1461 libris
383 1427 481 1460 Hom.
514 1432 549 1461 et
582 1439 637 1472 ap.
674 1428 706 1462 E
739 1428 868 1483 legitur

57 1471 312 1517 οἷγνιόσσασκε,
346 1472 380 1506 in
413 1474 454 1506 A.
479 1474 513 1507 2.
546 1479 660 1507 autem
695 1478 731 1507 et
763 1476 795 1509 3.
823 1472 867 1508 οἶ-

56 1518 267 1574 γνώσσεσιιε.
291 1536 338 1544 -
370 1517 595 1553 ἐνένιπεν
628 1523 669 1554 A.
697 1521 731 1554 3.
756 1519 864 1553 ceteri

57 1566 178 1601 menda
202 1565 416 1600 inveterata:
445 1563 641 1600 ἐνένιπτεν.
667 1577 702 1598 v,
716 1563 766 1606 π’,
785 1565 864 1600 417.

103 1644 274 1680 97—99.
330 1645 513 1688 ,,μῆτερ
559 1642 587 1679 ἒ.
621 1642 863 1688 δύσμητερ.

54 1691 227 1747 Porphyr.
265 1690 411 1730 Quaest.
444 1691 545 1724 Hom.
573 1692 629 1725 16.
662 1691 724 1723 sub
748 1691 868 1725 finem·

55 1758 100 1763 —
126 1737 216 1772 ἄλλα
252 1734 294 1770 δὲ
329 1737 440 1772 εἴωθε
474 1735 692 1771 συντιθέναι
717 1737 767 1776 εἰς
791 1738 868 1772 δια-

54 1783 166 1838 βολήν
198 1795 331 1825 τινων,
374 1781 425 1825 ὥς
457 1781 710 1825 δυσωνύμων,
742 1795 792 1823 ως
820 1781 865 1818 ui

56 1829 286 1872 Δύσπαρι
311 1829 365 1873 (ΙΙ.
386 1829 539 1887 γ,,39
564 1829 623 1863 ubi
650 1840 680 1862 v.
707 1839 784 1862 ann.
797 1832 868 1872 ,et

55 1874 100 1919 ν’,
136 1877 223 1921 769)
255 1875 318 1910 καὶ
354 1874 396 1911 τὸ
432 1876 577 1920 μῆτερ
615 1855 867 1918 δύσμητερ.

54 1935 89 1957 v.
123 1923 229 1956 Conr.
263 1921 474 1956 Rittershus.
514 1932 593 1955 ann.
634 1921 679 1954 ad
709 1921 865 1977 Oppian.

28 1970 189 2012 'Cyneg
216 1969 258 2009 1,
282 1966 389 2003 26o.“
413 1967 468 2001 Cl.
493 1987 539 1992 -
564 1964 770 2022 ἀπηνέα,
801 1968 865 2001 im-

56 2017 191 2054 mitem,
228 2013 357 2048 durum.
393 2010 866 2055 230‚11.0‘,94etc.-

57 2060 326 2104 νοσφίζεαι,
369 2060 584 2104 sejungeris,
625 2058 775 2093 absistis.
823 2056 865 2100 λ’,

56 2109 102 2144 73
126 2112 191 2140 etc.
216 2124 261 2130 —
295 2105 569 2152 ἀνείρεαιο.
593 2117 688 2149 μετ.
714 2103 762 2146 α’,
785 2106 866 2147 231,

55 2152 102 2200 η’,
125 2153 195 2188 243
219 2156 286 2186 etc.

103 2225 316 2261 leo-102.
362 2222 487 2257 iterum
525 2221 563 2256 hi
594 2232 713 2256 versus
745 2221 866 2266 legun-

56 2279 110 2307 tur
134 2270 277 2305 inferius
304 2275 384 2314 post
409 2271 509 2309 167„
534 2279 621 2314 quos
646 2274 765 2302 neutro
790 2270 864 2302 loco

54 2318 218 2353 exhibent
251 2315 381 2350 scholia
411 2314 533 2349 brevia
564 2320 600 2348 et
628 2314 865 2348 Mediolanen-

53 2365 124 2405 εἰη,
160 2363 214 2404 Ε,
244 2373 313 2406 quo
340 2365 393 2394 est
412 2361 564 2405 judicio,
597 2365 752 2404 utroque.
788 2371 864 2394 nam

55 2411 89 2444 id
121 2409 224 2442 facile
257 2407 403 2452 quisque
435 2408 538 2451 paulo
573 2406 752 2440 humanior
784 2418 864 2451 per·-

55 2456 241 2495 sentiscat,
275 2464 467 2496 congruere
498 2453 583 2486 haec
615 2451 753 2495 Ubssis
783 2463 865 2496 per-

56 2513 180 2542 sonae,
221 2499 408 2533 abhorrere
448 2503 562 2531 autem
602 2509 621 2531 a
663 2498 864 2532 Telemachi

57 2544 305 2586 adolescentis,
350 2543 410 2589 qui
448 2555 561 2588 neque
601 2547 671 2577 tam
707 2544 865 2586 cognitos

58 2594 162 2628 habet,
200 2601 311 2625 mores
358 2588 559 2630 mulierum,
603 2594 639 2622 et
680 2590 865 2623 modestior

60 2637 259 2682 cautiorque
281 2638 335 2670 est
366 2646 466 2680 quam
501 2634 559 2680 qui
593 2646 662 2668 rem
695 2636 763 2668 sibi
797 2647 863 2669 non

57 2684 299 2736 exploratam
294 2681 456 2715 affirmet.
482 2681 648 2725 ejusmodi
674 2688 783 2714 autem
808 2693 864 2715 res

59 2736 114 2765 est
137 2728 244 2773 patris
267 2726 431 2771 vigesimo
455 2738 543 2761 anno
563 2727 708 2766 reditus,
734 2727 778 2759 de
798 2739 863 2772 quo

58 2776 276 2810 inaudiverat
309 2773 446 2817 quidem
480 2783 566 2818 puer
607 2783 649 2806 ex
682 2778 791 2805 matre
829 2777 866 2806 et

58 2820 303 2858 familiaribus,
335 2818 533 2863 certiorque
561 2817 664 2851 etiam
695 2819 805 2852 sactus
830 2830 866 2851 e-

60 2870 115 2902 rat
150 2877 213 2911 per
244 2864 356 2910 ipsum
397 2863 554 2908 Ulyssem
587 2877 637 2905 π,
672 2865 763 2905 206,
802 2864 865 2898 sed

61 2914 262 2947 narraverat
285 2921 428 2963 quoque
444 2910 494 2944 illi
518 2910 709 2963 Penelope,
734 2914 865 2954 patrem

63 2959 137 3004 ejus
159 2968 236 2993 esse
258 2956 395 2996 heroem
412 2954 518 2992 istum
533 2954 790 2997 celeberimum3
813 2960 865 2991 ta·

917 1118 991 1140 men
1027 1118 1064 1141 se
1094 1106 1129 1140 id
1163 1109 1257 1140 certo
1291 1105 1383 1140 scire
1414 1108 1520 1150 negat
1551 1102 1600 1145 α’,
1635 1105 1724 1144 215;

916 1153 1019 1186 multo
1043 1153 1152 1186 minus
1185 1153 1220 1186 in
1254 1152 1314 1185 tali
1348 1163 1452 1185 causa
1484 1157 1623 1184 matrem
1656 1155 1725 1184 tam

916 1198 1011 1231 duris
1037 1199 1149 1232 verbis
1172 1202 1300 1232 temere
1324 1197 1570 1242 objurgaverit.
1611 1207 1724 1240 neque

915 1255 1057 1288 usquam
1091 1244 1196 1286 alias,
1239 1256 1342 1288 saepe
1384 1245 1500 1277 oblata
1531 1242 1723 1284 occasione,

915 1300 1026 1323 serum
1052 1290 1161 1334 patris
1186 1290 1329 1323 reditum
1364 1292 1621 1329 commemorat,
1661 1286 1724 1320 sed

915 1335 1047 1368 faciunt
1090 1336 1126 1368 id
1165 1346 1301 1380 semper
1344 1335 1523 1377 seniores,
1566 1332 1722 1388 inprimis

914 1381 1009 1425 ipse,
1046 1386 1085 1415 ut
1108 1393 1171 1435 par
1196 1387 1270 1422 est,
1305 1381 1447 1425 [Πμεεε
1470 1378 1520 1423 π’,
1555 1381 1645 1421 206,
1677 1376 1722 1422 τ’,

912 1428 995 1468 222,
1019 1426 1101 1470 484,
1127 1426 1176 1470 φ’,
1200 1408 1281 1470 208),
1302 1426 1355 1467 ω’,
1378 1428 1458 1465 321,
1481 1405 1550 1460 tum
1571 1426 1723 1459 Alither-

912 1484 967 1505 ses
990 1484 1094 1506 senex
1153 1474 1278 1515 1,75,
1305 1472 1428 1507 deinde
1452 1472 1527 1517 ipse
1551 1475 1654 1517 poeta
1677 1469 1723 1515 ρ’,

911 1519 992 1553 327.
1017 1519 1100 1562 quid
1125 1519 1329 1559 dubitemus,
1356 1519 1410 1552 hic
1432 1530 1576 1562 quoque,
1603 1525 1641 1551 ut
1664 1522 1719 1551 tot

912 1564 988 1597 aliis
1023 1565 1057 1597 in
1092 1565 1197 1605 locis,
1232 1545 1356 1599 similia
1389 1564 1552 1598 similibus
1587 1563 1721 1597 adscri-

911 1610 1022 1663 psisse
1055 1610 1215 1644 librarios
1254 1610 1516 1656 imprudentes?
1558 1610 1650 1655 quod
1682 1611 1722 1642 ut

914 1656 1022 1699 magis
1054 1656 1229 1690 credamus
1262 1657 1312 1690 ita
1345 1667 1441 1698 esse,
1476 1654 1562 1689 facit.
1593 1655 1722 1701 optime

913 1701 1120 1744 cohaerens,
1156 1703 1290 1746 abjecto
1321 1701 1388 1734 isto
1425 1712 1556 1745 panno,
1592 1702 1718 1735 oratio.

914 1757 1023 1791 quare
1047 1748 1134 1781 haec
1158 1748 1290 1781 uncinis
1313 1747 1458 1788 inclusi,
1490 1758 1553 1780 nec
1584 1747 1627 1781 iis
1656 1747 1721 1780 im·-

913 1803 1065 1827 morarer
1089 1793 1249 1837 amplius,
1286 1793 1352 1827 nisi
1375 1772 1604 1827 emehdandus
1628 1796 1720 1827 esset

914 1850 1033 1872 versus
1064 1840 1194 1873 medius
1231 1838 1329 1873 hians
1369 1839 1471 1872 tertio
1508 1838 1616 1883 pede.
1652 1838 1717 1874 οἱν-

913 1883 1001 1928 δρὸς
1026 1883 1082 1929 οἷφ
1103 1888 1109 1927 Ι
1131 1886 1233 1921 εσταί
1251 1886 1259 1929 Ι
1279 1888 1323 1929 ἦ,
1337 1880 1394 1924 “53
1415 1886 1420 1927 Ι
1442 1888 1508 1918 etc.
1555 1891 1596 1919 A.
1622 1887 1653 1919 1.
1682 1886 1718 1919 et

912 1929 945 1964 4.
982 1931 1110 1975 aliique
1146 1943 1200 1977 ap.
1249 1930 1569 1985 01.εοῖποσταίη,
1612 1930 1720 1976 idque

913 1978 991 2011 169.
1025 1982 1166 2021 praeter
1200 1979 1240 2012 A.
1265 1977 1298 2011 4.
1334 1977 1436 2011 etiam
1468 1979 1510 2011 A.
1533 1979 1568 2012 2.
1599 1977 1720 2020 habet.

912 2033 1075 2066 ponamus
1109 2022 1184 2058 ἀπὸ
1217 2023 1292 2057 sive
1325 2021 1399 2058 ἄπο
1436 2023 1579 2067 ὶσταίη,
1615 2024 1650 2057 h.
1684 2035 1715 2057 e.

911 2068 1079 2112 ἄποθεν,
1122 2073 1159 2103 ut
1193 2069 1232 2102 11.
1257 2068 1298 2108 λ’,
1331 2070 1411 2104 242.
1422 2093 1432 2109 ,
1465 2069 1525 2103 ubi
1556 2081 1588 2103 v.
1626 2080 1718 2111 anm,

912 2113 956 2157 σ’,
981 2114 1046 2156 64,
1079 2112 1122 2155 τ’,
1156 2116 1198 2150 32
1203 2116 1243 2148 9:
1277 2115 1384 2158 ipsum
1418 2114 1501 2148 illud
1532 2113 1718 2160 ἀφεσταίη

912 2171 976 2206 pro
1001 2157 1180 2204 ἄφισταίη
1211 2160 1372 2205 scriptum
1407 2160 1543 2194 videtur
1577 2173 1640 2205 per
1663 2173 1722 2197 so·
1779 2188 1782 2191 .
1820 2152 1821 2156 ¹

910 2205 1123 2247 loecismum,
1159 2206 1224 2240 nisi
1258 2207 1335 2251 quis
1359 2205 1477 2240 audiat
1499 2207 1721 2242 Eustathium

909 2253 961 2287 ita
991 2253 1197 2296 garrientem
1231 2264 1293 2285 suo
1337 2263 1446 2293 more,
1494 2264 1566 2286 cum
1602 2258 1720 2288 tuetur

911 2299 1051 2352 vulgata
1068 2298 1221 2342 quamvis
1238 2298 1403 2352 pessima.
1419 2296 1460 2332 τὸ
1481 2297 1720 2358 ἀφεσταίη

909 2342 1127 2386 καινότερον
1151 2346 1214 2389 (!)
1246 2343 1514 2402 ἐσχημάτισται.
1555 2345 1616 2380 καὶ
1642 2345 1719 2386 ἔστι

909 2389 977 2446 μὲν
1000 2389 1128 2426 κοινὸν
1155 2405 1187 2426 κ.
1215 2389 1375 2434 σννηθες
1408 2388 1495 2425 ἄντ’
1529 2390 1648 2426 αὐτοῦ
1673 2391 1716 2428 τὰ

911 2434 1171 2480 ἀποσταίη·

912 2485 1083 2528 φίλτερον
1114 2484 1179 2526 (l)
1210 2479 1379 2527 Ομήρω,
1424 2481 1486 2518 οἷοι
1520 2483 1718 2529 ποιητικώ-

910 2542 1016 2572 τερον
1040 2529 1121 2572 (ΕΞ)
1147 2535 1210 2562 etc.
1260 2532 1347 2573 quod
1381 2530 1423 2563 ad
1460 2535 1602 2564 metrum
1627 2531 1712 2567 atti-

910 2582 990 2617 net,
1011 2575 1166 2610 similiter
1187 2575 1370 2610 titubatum
1396 2580 1449 2609 est
1474 2575 1527 2621 φ’,
1555 2576 1615 2612 54.

959 2634 1170 2668 103—110.
1217 2632 1509 2678 στερεωτέρη
1534 2634 1712 2677 λίθοιο,

911 2679 1030 2712 durior
1063 2679 1199 2723 lapide,
1231 2679 1264 2713 h.
1297 2691 1327 2712 e.
1358 2680 1561 2720 durissima,
1591 2691 1712 2715 sensu-.-

912 2737 976 2770 que
1001 2736 1108 2759 cassa.
1157 2724 1312 2758 similiter
1344 2727 1439 2760 172.-
1472 2721 1496 2770 ἦ
1526 2723 1596 2770 γὰρ
1627 2726 1714 2773 τῇγε

912 2769 1080 2814 σιδήρεος
1116 2769 1155 2804 ἐν
1189 2772 1295 2815 φρεσι
1330 2770 1466 2814 θυμός.
1519 2771 1636 2816 lapide
1675 2777 1713 2808 et

911 2817 1004 2850 ferro
1030 2817 1223 2871 conjunctis
1257 2818 1443 2874 Aeschylus
1474 2818 1587 2852 Prom.
1611 2818 1715 2854 24Ο.3

911 2860 1147 2907 σιδηρόφρων
1165 2875 1203 2898 τε
1224 2878 1292 2898 nan
1316 2864 1449 2905 πέτρας
1472 2863 1718 2908 εἰργασμένος.

903 2908 990 2947 ¹item
1024 2909 1142 2953 Satyri
1177 2910 1270 2967 apud
1307 2910 1509 2965 Euripidem
1548 2910 1716 2969 Cyclope,

911 2956 1012 2991 572:
1036 2954 1170 2999 πέτρας
1191 2955 1234 2991 τὸ
1260 2957 1358 3003 λῆμα
1379 2952 1615 3002 κᾶδάμαντος
1637 2955 1717 3000 ἕξο-

1224 2436 1266 2473 τὸ
1309 2437 1435 2480 μέντοι
1451 2435 1733 2495 ἀφεσταίη-
