1821 3288
116 118 199 160 18⁰

738 106 1150 154 ΟΜΗΡΟΥ

286 224 343 281 τῇ
371 220 508 294 ἑτέρῃ
528 219 608 276 μὲν
635 219 746 276 χειρὶ
774 217 925 289 φέρων
953 215 1092 273 καλὴν
1118 213 1401 271 τρυφάλειαν,

285 283 340 336 τῇ
371 277 415 322 δ’
445 278 568 346 ἑτέρῃ
599 280 732 326 σάκος
761 275 884 330 εὐρύ,
916 275 1059 329 γέρον,
1093 273 1423 329 πεπαλαγμένον
1451 263 1544 330 α’ζῃ,

178 338 257 384 185
288 335 487 390 Λαέρτεω
513 335 672 406 ἥρωος,
703 331 728 376 ὃ
756 332 976 385 κουρίζων
991 330 1224 401 φορέεσκε

286 391 361 462 (δῂ
387 391 483 435 τότε
515 390 561 462 γ’
589 389 674 445 ἤδη
703 392 832 438 κεῖτο,
865 386 1006 442 ῥαφαὶ
1035 383 1081 429 δ’
1111 385 1310 429 ἐλέλυντο
1340 383 1571 441 ῖμάντων),

287 465 349 492 τω
381 447 424 491 δ’
455 446 529 501 ἄρ’
562 443 791 496 έπαῖλξανθ
822 442 978 498 έλέτην,
1011 442 1174 496 ε’ρυσάν
1200 441 1244 484 τέ
1273 458 1348 511 μιν
1378 443 1478 484 εἴσω

289 505 465 558 κουρὶξ,
497 503 544 546 ἐν
574 502 746 559 δαπέδῳ
778 500 824 544 δὲ
852 500 985 568 χαμαὶ
1013 499 1148 554 βάλον
1179 497 1419 553 ἀχνύμενον
1448 501 1547 554 κῆρ,

292 561 373 613 ξύν
403 561 449 604 δὲ
479 559 618 609 πόδας
647 555 791 613 χεῖράς
818 573 863 600 τε
894 555 996 599 δέον
1024 556 1238 609 θυμαλγέι·
1268 557 1421 612 δεσμῷ,

181 623 262 663 190
292 621 341 661 εὐ
349 614 474 686 μάλ’
505 614 830 682 ἀποστρέψαντε
860 611 1102 682 διαμπερὲς,
1133 610 1190 659 ὡς
1218 600 1439 654 ἐκέλευσεν

290 673 388 724 υἱὸς
418 671 630 725 Λαέρταο,
658 669 873 720 πολύτλας
905 671 997 720 δῖος
1021 666 1267 719 Ὀδυσσεὺς,

291 729 459 798 σειρήν
471 729 518 771 δὲ·
545 727 746 799 πλεκτὴν
757 728 799 778 ἐξ
834 725 974 769 αὐτοῦ
1007 723 1276 779 πειρήναντε,

291 786 400 830 κίον’
433 782 498 828 ἄν’
528 782 721 854 υψηλὴν
733 783 907 837 ἔρυσαν,
937 782 1127 824 πέλασάν
1159 795 1204 822 τε
1236 781 1420 822 δοκοῖσι.

289 841 370 886 τόν
399 841 442 886 δ’
473 839 788 897 ἐπικερτομέων
816 838 1052 895 προσέφης,
1082 835 1252 893 Εὔμαιε
1282 839 1482 892 συβῶτα·

583 942 728 978 Eumaei
751 943 879 985 verba,
904 940 1096 987 caprarium
1119 938 1309 974 irridentis.

182 1015 263 1061 195

377 1013 521 1065 ,,Νῦν
553 1011 632 1067 μὲν
661 1010 715 1066 δὴ
745 1010 862 1066 μάλα
891 1008 1046 1063 πάγχυ,
1079 1007 1328 1079 Μελάνθιε,
1359 1004 1499 1051 νύκτα
1527 1006 1743 1065 φυλάξεις,

295 1065 405 1124 ευνῇ
435 1070 499 1112 ε’νι
513 1072 701 1140 μαλακῇ
732 1065 1054 1137 καταλέγμενος,
1087 1063 1146 1115 ω’ς
1177 1076 1222 1108 σε
1253 1065 1407 1117 ἔοικεν,

295 1125 401 1170 ουδὲ
431 1124 523 1195 σέγ’
553 1124 772 1193 ἠριγένεια
801 1121 912 1176 παρ’
946 1121 1160 1165 ωκεανοῖο
1194 1121 1344 1175 ῥοάων

292 1181 415 1243 λήσει
442 1181 700 1250 ἐπερχομένη
730 1180 1045 1249 χρυσόθρονος,
1073 1176 1193 1232 ἡνίκ’
1227 1177 1389 1232 ἀγινεῖς

296 1244 422 1295 αἰγας
449 1236 751 1294 μνηστήρεσσι,
786 1235 928 1292 δόμον
956 1234 1066 1278 κάτα
1096 1236 1224 1277 δαῖτα
1251 1235 1506 1278 πένεσθαι.“

610 1339 754 1375 advenit
775 1338 938 1372 Minerva
969 1334 1086 1383 specie
1109 1335 1289 1370 Mentoris.

183 1415 267 1455 200

127 1553 171 1601 γ’,
192 1556 235 1596 9,
269 1554 329 1590 ubi
350 1553 468 1590 itidem
491 1554 569 1590 Ald.
595 1556 650 1597 3.‚
671 1553 846 1599 Bet-glor„
876 1552 931 1590 cl.

128 1607 165 1636 et
186 1602 262 1635 alii.
302 1600 400 1636 ἐνθ’.
441 1613 496 1646 as)
494 1602 629 1635 ndeton
665 1602 708 1634 ad
733 1600 930 1644 significan-

128 1648 205 1681 dum
231 1647 396 1681 actionum
421 1649 550 1688 harum,
574 1647 639 1680 sibi
661 1646 928 1686 succedentium,

129 1693 349 1727 celeritatem.
374 1694 465 1738 οἷ’-γ
515 1695 570 1748 18,
593 1694 632 1727 ΙΙ.
657 1691 701 1733 6,
728 1694 771 1728 89
797 1696 861 1725 etc.
885 1709 930 1714 —

127 1738 442 1794 τρυφάλειαν.
444 1707 512 1772 γΙΙ.
539 1738 580 1782 γ’,
604 1739 672 1773 376
697 1744 762 1771 etc.
785 1757 831 1762 --
856 1734 931 1771 σά-

128 1798 207 1826 κος
231 1798 277 1821 ευ
290 1799 366 1828 ρυ
397 1787 524 1828 clipeus
549 1786 640 1818 latus
663 1796 755 1817 more
778 1783 934 1828 antiquo-

128 1843 214 1873 rum,
238 1835 273 1865 et
295 1837 414 1876 postea
435 1831 593 1867 ὁπλιτῶν
617 1842 676 1863 seu
696 1830 837 1862 militum
853 1840 933 1872 gra-

128 1879 182 1911 vis
221 1883 429 1912 armaturae.
463 1889 496 1910 v.
532 1877 654 1921 Kfvpke
694 1877 935 1917 K1NJiegsuesen

130 1924 193 1957 der
219 1924 279 1957 Gr.
304 1936 337 1969 p.
362 1924 444 1958 263.
476 1923 651 1966 Tjrtaeus
674 1924 728 1963 3.,
753 1923 830 1956 232
864 1934 933 1964 μη-

130 1968 243 2026 ρούς
243 1981 302 2010 τε,
326 1968 469 2012 κνήμας
492 1981 530 2003 τε
554 1967 672 2009 κάτω,
704 1968 766 2001 καὶ
793 1966 934 2011 στέρνα,

130 2017 193 2051 καὶ
215 2028 351 2059 ωμους,
376 2015 541 2071 Ἀσπίδος
564 2013 706 2057 ευρείης
723 2013 858 2068 γαστρὶ
870 2026 935 2047 κα-

130 2060 354 2106 λυψάμενος.
378 2082 421 2087 -
447 2062 592 2106 γέρον,
616 2066 732 2103 vetus,
759 2065 797 2093 ut
821 2058 935 2103 γέρων

130 2108 277 2149 πέπλος,
300 2107 418 2152 λόγος,
448 2107 576 2151 φόνος,
607 2106 697 2151 apud
721 2106 936 2149 Aeschylum,

131 2155 346 2200 Euripidem,
368 2154 601 2188 Theocritum.
627 2154 671 2185 cf.
692 2152 737 2186 E.
755 2171 797 2176 -—
818 2152 934 2185 HanL:

131 2204 294 2236 πεπαλ.
331 2200 445 2242 (406,
469 2198 523 2244 ψ’,
548 2200 604 2240 48,
631 2198 669 2232 ΙΙ.
694 2197 733 2239 ζ,
756 2198 822 2233 268
847 2198 933 2241 etc.)

132 2247 357 2304 μεμολυσμει
360 2259 412 2279 ον
447 2265 491 2270 -
526 2246 625 2278 Scha
657 2241 750 2290 ἄζῃ.
791 2241 935 2298 εὕρωτι,

134 2290 159 2338 ἢ
184 2295 349 2338 ξηρασίᾳ.
368 2292 482 2325 —E2
507 2291 751 2333 κουρίζων,
776 2289 857 2329 νέος
882 2302 935 2322 ων

133 2341 278 2382 κοῦρος.
302 2357 346 2364 -
369 2337 545 2395 ῥαφαὶ,
568 2342 722 2371 suturae.
799 2334 872 2369 :gv
895 2333 936 2370 δε

134 2387 186 2430 τῷ
220 2384 375 2428 ῥαφαὶ
408 2381 445 2417 δ’
484 2382 539 2418 ἐλ.
574 2382 634 2426 ἶμ.
670 2381 817 2421 ἐλπίδας
852 2378 871 2416 ὁ
896 2393 935 2415 π.

136 2431 281 2488 ἀγαθάς
302 2428 515 2486 finossoime'
519 2432 597 2469 τοῖς
618 2429 699 2470 περὶ
719 2426 783 2463 τόν
802 2427 937 2463 Ὀδυσ-

136 2478 219 2518 σέα,
255 2491 304 2517 ως
338 2476 459 2511 ουκέτι
483 2475 592 2511 λοιποὶ
617 2473 711 2510 όπλα
735 2486 871 2530 χρηστα
897 2473 936 2508 ἕν

135 2525 185 2569 τῷ
202 2523 376 2568 θαλάμῳ,
400 2536 448 2562 ως
464 2522 673 2567 χρήσασθαι
697 2523 826 2560 αυτοῖς
848 2519 937 2559 τούς

135 2560 295 2625 ἐχθρορς
333 2576 398 2602 etc.
439 2587 482 2592 —
522 2572 681 2612 Ap.e1n.
749 2568 936 2608 κουριᾞξ

134 2619 209 2650 τῶν
234 2613 332 2656 α’παξ
356 2613 479 2658 εἰρημέ
480 2627 573 2656 των,
601 2612 639 2647 ἐν
661 2614 706 2659 τῇ
730 2626 776 2655 μι
781 2625 934 2667 ηστνρο-

136 2663 264 2718 φονίςι.
300 2663 469 2717 σημαίνει
492 2659 531 2695 δε
557 2659 597 2696 τὸ
624 2660 689 2700 τῆς
711 2659 848 2703 κόρῤης
873 2663 935 2692 λα-

135 2699 281 2754 βέσθαι.
304 2708 398 2742 ἓιιοι
420 2705 471 2746 δε,
493 2719 686 2749 κουρικως,
711 2711 792 2739 οἰ(ν
816 2718 935 2739 νεανι-

135 2755 218 2795 κῶς.
263 2755 314 2787 E:
346 2753 388 2788 τό
425 2753 598 2795 κουρὶξ
629 2764 704 2785 των
739 2752 838 2794 ἅπαξ
869 2750 935 2793 μὲν

134 2798 233 2844 παρ’
248 2796 405 2843 Ομήρφ
429 2799 620 2855 ῥηθέντων
651 2796 733 2853 ἐστὶι
757 2798 818 2831 καὶ
843 2796 933 2834 αὐτὸ

136 2848 193 2890 (ut
216 2846 428 2901 κὶουριιζων),
456 2847 562 2888 δηλοῖ
582 2842 622 2879 δὲ
641 2856 735 2877 κατα
755 2856 843 2883 τους
866 2857 934 2877 πα-

136 2890 263 2932 λαιούς
286 2891 328 2926 τό
352 2893 539 2948 νεανικῶς.
564 2890 625 2925 και
645 2892 784 2934 γίνεται
805 2889 843 2924 ἐκ
867 2889 935 2924 τοῦ

135 2940 328 2983 κουρίζειν,
359 2932 404 2973 οὖ
427 2937 565 2984 μέλλων
590 2935 757 2983 Δωρικός
776 2936 936 2981 κουρίξω

367 1407 453 1460 ’Ὡς
483 1407 508 1453 6
538 1407 619 1466 μὲν
650 1402 760 1452 αὖθι
787 1406 995 1458 λέλειπτο,
1029 1404 1178 1456 ταθεὶς
1207 1403 1324 1463 ὀλοῷ
1353 1403 1418 1448 ἐνὶ
1447 1404 1612 1462 δεσμῷ·

975 1552 1184 1597 (κουριξῶ),
1201 1549 1270 1609 euon,
1294 1548 1330 1593 ἐξ
1355 1547 1474 1585 αυτοῦ
1494 1547 1623 1593 κουρὶξ
1645 1547 1689 1584 τό
1713 1546 1779 1584 ἄν·
1820 1545 1821 1585 ἶ

976 1601 1106 1655 δρείως
1130 1613 1162 1634 κ.
1185 1596 1235 1637 ὥς
1252 1598 1380 1639 πρέπει
1403 1596 1566 1639 κούροις.
1591 1595 1654 1630 καὶ
1677 1595 1778 1630 οὕτω
1820 1601 1821 1638 ἶ

975 1646 1048 1688 μέν·
1076 1657 1188 1689 φησιν
1221 1641 1239 1679 6
1280 1642 1447 1687 Κράτης·
1485 1642 1707 1686 Ἀρίσταρχος
1739 1639 1782 1677 δε
1820 1644 1821 1670 3

977 1689 1059 1726 ἀντὶ
1090 1694 1158 1726 τοῦ
1191 1689 1478 1748 ἐπιλαβομένους
1500 1688 1779 1732 (έπὴβόμενοι)

977 1740 1042 1781 τῆς
1067 1736 1180 1781 κόμης
1204 1736 1285 1778 (imo
1311 1735 1466 1779 κόρρηςε
1488 1746 1522 1768 v.
1551 1736 1702 1778 proxime
1725 1746 1781 1768 se-

980 1785 1137 1838 quentia.
1166 1794 1272 1837 saepe
1291 1794 1317 1824 μ
1343 1790 1377 1814 et
1402 1795 1422 1824 ρ
1447 1781 1636 1822 confusa),
1669 1781 1732 1814 ινα
1756 1775 1783 1824 ᾖ

978 1829 1063 1863 κατ’
1089 1827 1209 1863 αὐτόν
1231 1826 1272 1862 τὸ
1297 1828 1424 1870 κουρὶξ
1457 1824 1538 1862 ἀντὶ
1565 1839 1631 1861 του
1657 1827 1696 1862 ἐκ
1718 1827 1784 1870 τῆς

979 1877 1162 1919 κεφαλῆς,
1200 1887 1250 1914 ως
1283 1875 1320 1909 εἴ
1337 1887 1392 1914 τις
1416 1873 1514 1908 εἴποι
1545 1870 1583 1906 ἐκ
1606 1873 1671 1916 τῆς
1693 1884 1783 1906 κου-

980 1935 1046 1966 ρας
1069 1922 1197 1976 (malim
1216 1920 1349 1964 κόρὸας
1368 1919 1525 1963 Dorice.)
1550 1917 1784 1954 ἰδιωτικώτε-

980 1981 1061 2012 ρον.
1088 1966 1285 2023 ὁμοιοῦται
1305 1966 1345 2025 δὲ
1368 1967 1419 2022 τῷ
1437 1965 1533 2008 τόνῳ
1545 1965 1644 2020 πρὸς
1665 1963 1706 2001 τὸ
1732 1962 1783 1999 ά-

981 2014 1085 2058 πρὶξ,
1123 2013 1174 2048 ἔτι
1199 2012 1240 2047 δὲ
1264 2013 1325 2047 καὶ
1348 2011 1443 2055 πρὸς
1463 2010 1505 2046 td
1530 2005 1767 2067 οἷμφορὶξ,ο

981 2073 1048 2104 περ
1090 2059 1128 2095 ἐκ
1171 2059 1239 2094 τοῦ
1259 2056 1494 2116 αμφορίζειν
1527 2058 1675 2114 γέγονε,
1712 2056 1785 2092 τοῦ

981 2106 1217 2151 παρηγμένον
1252 2102 1290 2139 ἐκ
1325 2106 1393 2140 τοῦ
1428 2103 1638 2148 ἀμφορέως.
1685 2109 1783 2137 recte

982 2153 1124 2193 Crates,
1163 2151 1440 2208 quemadmodum
1475 2149 1575 2184 etiam
1616 2149 1783 2184 adverbia

980 2197 1072 2240 ὀδὰξ
1097 2178 1131 2232 e't
1155 2196 1267 2240 ὀκλὰξ
1290 2198 1392 2231 ducta
1416 2200 1494 2230 sunt
1517 2207 1538 2230 a
1562 2196 1686 2230 futuris
1711 2195 1783 2228 Do-

980 2245 1061 2279 ricis
1085 2243 1230 2288 ὀδαξῶ,
1260 2240 1415 2286 όκλαξιδ.
1457 2254 1520 2276 nec
1552 2241 1703 2275 absimile
1728 2243 1783 2274 est

979 2290 1069 2333 τυψ,
1095 2291 1184 2336 quod
1208 2289 1243 2322 in
1267 2289 1388 2323 ordine
1410 2288 1521 2322 omisit
1540 2288 1657 2327 Schn„
1680 2286 1784 2321 habet

980 2343 1093 2370 autem
1125 2348 1157 2370 v.
1191 2334 1243 2370 εΞπ
1246 2337 1316 2380 ρίξ.
1359 2354 1402 2360 -
1438 2312 1697 2378 θυμαλγέϊ.
1728 2330 1783 2374 θ’,

980 2383 1070 2424 272,
1099 2381 1142 2423 σ’,
1167 2384 1247 2422 346,
1271 2382 1310 2415 ΙΙ.
1333 2379 1385 2421 θ’,
1410 2382 1478 2416 513
1507 2384 1573 2414 etc.
1600 2399 1642 2404 —
1676 2377 1784 2414 ἐπι-

981 2428 1274 2471 κερτομέων,
1308 2427 1464 2460 irridens.
1491 2426 1529 2459 ΙΙ.
1554 2424 1604 2467 π’,
1629 2424 1708 2460 744.

1030 2476 1238 2509 195—209.
1271 2472 1394 2517 μαλα
1424 2471 1592 2528 πάγχυ.
1623 2470 1666 2513 ξ’,
1697 2471 1782 2512 367,

981 2518 1025 2564 ρ’,
1050 2522 1132 2555 217
1142 2526 1207 2554 etc.
1241 2538 1287 2544 -—
1319 2516 1566 2562 φυλάξεις,
1598 2517 1783 2559 transiwes.

982 2579 1014 2600 v.
1052 2567 1157 2600 Schn.
1190 2578 1222 2599 v.
1249 2565 1434 2609 φυλάσσω.
1475 2565 1598 2598 similia
1636 2562 1781 2596 Chalino

981 2624 1080 2647 servo
1106 2613 1251 2646 minatur
1274 2612 1405 2645 villicus
1429 2611 1519 2655 apud
1542 2611 1693 2643 Plautum
1711 2609 1782 2641 Ca-

980 2660 1066 2699 sina,
1093 2662 1123 2697 1,
1146 2660 1222 2692 432
1248 2663 1347 2690 noctu
1371 2663 1407 2690 ut
1432 2657 1601 2702 condigne
1624 2660 1657 2687 te
1681 2654 1781 2686 cubes

980 2705 1164 2737 curabitur.
1184 2703 1260 2738 CH.
1288 2704 1377 2745 Quid
1394 2704 1519 2745 facies
1546 2699 1781 2735 OLYMfflO.

980 2751 1178 2783 concludere
1202 2750 1236 2781 in
1253 2752 1403 2792 scs-tram
1417 2749 1579 2792 firmiter.
1602 2764 1647 2771 —-
1674 2745 1783 2786 Ωιιαεί

981 2808 1054 2829 mus
1070 2797 1105 2828 in
1121 2797 1256 2839 pariete
1273 2797 1384 2829 medio
1396 2796 1588 2828 vorsabere.
1608 2809 1650 2816 —
1673 2803 1695 2823 α
1707 2804 1778 2834 γι-

981 2845 1101 2882 νεῖς,
1136 2842 1250 2883 ducis,
1283 2842 1409 2875 ducere
1431 2841 1531 2875 soles.
1565 2836 1777 2889 ξ,105,ῙΙ-

982 2887 1034 2932 ω’,
1065 2887 1132 2922 784
1157 2893 1224 2922 etc.
1256 2907 1301 2912 ——-
1334 2889 1481 2923 δαῖτα
1510 2884 1604 2920 niv.
1635 2880 1678 2926 γ’,
1710 2881 1780 2917 428

980 2939 1048 2970 etc.
1071 2931 1214 2971 -ἐνὶ
1245 2933 1409 2980 δεσμῷ.
1441 2935 1482 2969 Α.
1503 2933 1538 2972 2.
1563 2929 1675 2966 eta:
1705 2925 1780 2964 {md
