1821 3288
144 106 227 147 194

401 103 802 149 ΟΜΗΡΟΥ
859 106 1447 154 ΟΛΤΣΣΕῙΛΣ
1500 112 1554 155 X.

313 209 435 270 οφρα
463 212 656 258 θεειώσω
685 216 898 271 μέγαρον
930 215 984 260 σύ
1016 219 1063 262 δὲ
1094 220 1396 276 Πηνελόπειαν

312 271 456 314 ἐλθεῖν
487 271 643 316 ἐνθάδ’
674 273 843 328 ἄνωχθι
877 272 958 316 σὺν
990 272 1280 330 ἀμφιπόλοισι
1309 280 1501 334 γυναιξί·

309 327 453 378 πάσας
482 327 528 372 δ’
558 329 746 387 ὄτρυνον
777 328 925 383 δμωσὶς
955 333 1065 374 κατὰ
1094 335 1220 390 δῶμα
1249 335 1437 378 νέεσθαι.

196 385 279 431 485

400 384 492 427 T6v
527 384 570 428 6’
605 389 706 428 αὐτε
735 386 965 454 προσέειπε
992 391 1101 459 φίλη
1129 407 1296 460 τροφος
1325 391 1597 447 Εὐρύκλεια·

310 441 422 512 ,,ναὶ
444 441 505 511 δὴ
535 441 671 484 ταῦτά
700 457 770 496 γε,
802 443 957 485 τέκνον
986 444 1105 497 ἐμόν,
1136 448 1245 490 κατὰ
1275 453 1435 504 μοῖραν
1465 449 1620 504 ἔειπες

309 496 404 542 αλλ’
438 496 512 552 ἄγε
541 515 610 541 τοι
639 497 820 552 χλαῖνάν
849 514 907 550 τε,
938 502 1097 554 χιτῶνά
1127 519 1183 555 τε,
1205 505 1350 575 ει’ματ’
1383 506 1547 560 ἐνείκω,

308 554 412 610 μηδ
446 553 561 597 οὕτω
592 555 770 622 ῥάκεσιν
800 557 1131 612 πεπυκασμένος
1166 559 1318 615 εὐρέας
1348 561 1497 614 ω’μους

307 609 459 655 ε”σταθ
490 611 553 654 ἐνὶ
583 609 831 680 μεγάροισι·
862 614 1128 670 νεμεσσητὸν
1160 617 1207 659 δέ
1238 634 1314 661 κεν
1343 620 1419 673 ειη
1424 622 1451 643 “

195 667 280 714 490

398 665 490 722 Την
521 665 563 709 δ’
595 665 944 723 ἀπαμειβόμενος
962 672 1173 742 προσέφη
1203 673 1442 729 πολύμητις
1468 673 1724 731 Ὀδυσσεύς·

307 727 431 776 ,,πῦρ
461 726 546 766 νῦν
575 740 652 778 μοι
681 725 925 777 πρώτιστον
957 728 1019 770 ἐνὶ
1048 729 1277 784 μεγάροισι
1307 731 1515 785 γενέσθω.
1520 736 1546 757 “

371 779 456 830 ’.Ως
487 780 638 853 ἔφαθ’,
670 779 767 824 οὐδ’
798 782 985 855 ἀπίθησε
1016 788 1121 842 φίλη
1150 786 1316 840 τροφός
1345 786 1610 855 Εὐρύκλεια,

303 834 475 905 ἤνεικεν
505 837 547 879 δ’
581 836 666 892 ἄρα
687 841 792 892 πῦρ,
824 840 896 883 καὶ
925 841 1079 898 θήϊον·
1112 841 1252 915 αὐτάρ
1277 842 1519 895 Ὀδυσσεύς

304 908 354 936 ευ
385 894 637 937 διεθείωσεν
667 895 869 955 μέγαρον,
896 899 970 941 καὶ
1003 900 1140 953 δῶμα,
1171 901 1245 943 καὶ
1276 899 1427 972 αὐλήν.

189 949 273 994 495

388 949 533 1005 Γρηῦς
562 950 606 994 δ’
640 951 741 994 αὕτ’
776 953 913 1009 ἀπέβη
944 955 1016 997 διὰ
1050 955 1228 1011 δώματα
1257 956 1358 999 κάλ’
1389 956 1615 1014 Ὀδυσῆος,

303 1003 570 1082 α’γγελέουσα
598 1009 794 1062 γυναιξὶ,
825 1011 897 1054 καὶ
929 1010 1198 1079 ὀτρυνέουσα
1230 1012 1431 1056 νέεσθαι·

302 1065 349 1106 αἱ
378 1063 422 1107 δ’
453 1065 554 1107 ι’σαν
584 1081 631 1108 εκ
661 1066 884 1120 μεγάροιο,
917 1066 1023 1119 δάος
1053 1071 1155 1125 μετὰ
1185 1070 1332 1142 χερσὶν
1362 1070 1548 1125 ε’.χουσαι

302 1122 349 1163 αἱ
379 1136 459 1190 μεν
491 1119 566 1175 ἄρ’
597 1120 865 1191 ἀμφεχέοντο
896 1125 967 1167 καὶ
999 1125 1234 1182 ησπάζοντ’
1264 1125 1473 1195 Ὀδυσῆα,

300 1177 373 1220 καὶ
403 1176 565 1220 κύνεον
582 1176 919 1250 ἀγαπαζόμεναι
949 1183 1148 1238 κεφαλην
1175 1199 1232 1234 τε,
1262 1184 1336 1226 καὶ
1366 1182 1532 1237 ω’μους,

187 1233 271 1277 500
298 1233 446 1289 χεῖράς
474 1232 515 1276 τ’
549 1234 803 1290 αἰνύμεναι·
835 1236 912 1279 τὸν
941 1239 987 1282 δὲ
1020 1241 1183 1294 γλυκύς
1213 1241 1360 1310 ι’μερος
1390 1240 1487 1295 ᾕρει

296 1293 545 1346 κλαυθμοῦ,
574 1307 648 1336 και
677 1297 910 1349 στοναχῆς’
940 1297 1152 1352 γίγνωσκε
1181 1293 1228 1339 δ’
1263 1296 1351 1351 ἄρα
1382 1296 1513 1351 φρεσὶ
1542 1294 1696 1346 πάσας.

127 1391 199 1426 τοῦ
219 1390 402 1449 δώματος.
437 1391 598 1429 ἐδόκουν
618 1392 686 1438 γὰρ
712 1393 746 1429 οἳ
761 1392 937 1440 Ελληνες

128 1436 228 1473 οὕτω
259 1437 307 1475 τά
345 1440 502 1475 τοιαῦτα
540 1438 639 1496 μύση
679 1443 937 1483 καθαίρεσθαι

126 1484 449 1539 διοπομπούμενα.
479 1485 540 1521 καὶ
567 1484 684 1545 ἕτεροι
706 1485 774 1530 μὲν
798 1489 936 1529 δηλοῦ-

125 1541 164 1566 σι
186 1532 345 1575 τρόπους
375 1533 595 1576 καθαρσίων
625 1532 789 1575 ἑτέρους,
825 1532 849 1568 ὁὶ
873 1535 936 1569 καὶ

124 1575 316 1622 ἐξάγοντες
338 1581 412 1614 τῶν
441 1579 553 1613 οἴκων
576 1576 666 1622 μετὰ
689 1579 755 1620 τάς
780 1578 936 1625 ἐθίμους

123 1620 306 1664 ἐπαοιδας
328 1624 595 1669 προσέῤῥιπτον
626 1623 838 1668 ἀμφόδοις,
876 1640 934 1670 εμ-

123 1673 234 1705 παλιν
247 1670 294 1706 τοὶ
308 1671 492 1714 πρόσωπα
509 1671 738 1730 στρέφοντες,
763 1685 793 1706 κ.
819 1671 934 1707 ἐπαν-

123 1714 243 1755 ιόντες
275 1717 561 1774 ἀμεταστρεπτί·
594 1716 612 1752 ὁ
647 1717 688 1753 δέ
711 1730 772 1775 ys,
790 1730 933 1763 ποιητι-

121 1761 187 1803 κὸς
209 1760 287 1799 ’.Οδ
313 1762 381 1809 οὐχ
416 1763 515 1799 οὕτω
541 1766 661 1804 ποιεῖ,
696 1761 772 1799 ἀλλ’
805 1764 936 1808 ἑτέρως

123 1805 386 1863 ἁπλούστερον.
422 1830 467 1836 -
501 1810 666 1845 θέειον
690 1809 730 1846 δὲ
755 1810 830 1855 (μ,
853 1814 934 1856 417,

90 1888 92 1893 ,
121 1853 176 1899 ψ’,
201 1858 247 1891 50
272 1862 339 1891 etc.
362 1857 452 1891 idem
479 1862 531 1890 est
553 1854 608 1900 θή
613 1861 671 1891 ἰον
695 1856 773 1892 493.
800 1862 835 1892 et
859 1859 933 1892 vul-

120 1913 205 1945 gare
234 1903 356 1938 θεῖον.
378 1914 413 1936 v.
445 1902 508 1946 Ε.)
547 1902 787 1946 θυμιάματος
819 1902 931 1947 εἶδος,

119 1949 319 1991 καθαίρειν
352 1948 557 1990 δοκοῦντος
598 1948 689 1991 τούς
724 1950 930 2007 μιασμούς·

121 1993 182 2030 διὸ
206 1996 268 2030 καὶ
294 1996 500 2035 διαστείλας
522 1997 686 2030 κακῶν
718 1995 839 2037 ἄκος
863 1995 932 2032 αύ-

117 2038 161 2077 τό
187 2053 300 2086 φησιν
323 2039 343 2076 o‘
366 2054 403 2075 π.
423 2061 468 2066 -
490 2041 611 2077 ἰστέον
635 2040 688 2083 δε,
715 2039 771 2077 ὅτι
792 2056 836 2079 ου
860 2042 930 2087 μό·

116 2099 184 2122 νον
203 2087 266 2123 διὰ
285 2089 396 2123 θείου
421 2086 586 2132 ἐγίνοντο
608 2089 810 2132 καθαρμοὶ,
837 2088 930 2126 ἄλλα

116 2133 181 2169 καὶ
204 2133 306 2190 φυτά
337 2147 422 2170 τινα
456 2135 509 2174 εἰς
543 2134 656 2170 τοῦτο
687 2135 844 2180 χρήσιμα
869 2132 928 2182 ἧν,

115 2179 336 2239 ἆριστερεών
359 2181 464 2224 γοῦν,
490 2178 624 2223 φυτὸν,
651 2182 746 2217 κατοὶ
773 2185 925 2218 Παυσα-

115 2229 214 2269 νίαν,
239 2226 453 2284 ἐπιτήδειον
472 2227 524 2267 εἰς
539 2227 751 2284 καθαρμόν
779 2229 840 2263 καὶ
860 2228 926 2271 σῦς

117 2271 158 2307 δὲ
182 2274 235 2313 εἰς
257 2271 412 2309 τοιαῦτά
437 2271 551 2314 ἔστιν,
577 2267 623 2307 οὗ
648 2274 925 2328 παρελαμβάνε-

116 2332 180 2359 το,
211 2333 260 2360 ως
283 2318 323 2355 ἐν
343 2316 470 2354 Ἰλιάδι
493 2320 677 2364 φαίνεται.
714 2320 806 2364 (imo
831 2322 926 2367 apud

115 2365 271 2410 ΑροΙΙοη.
304 2366 417 2399 Rhod.
441 2367 484 2409 4,
520 2364 600 2400 704.
614 2392 625 2409 ,
658 2366 749 2411 quod
783 2367 925 2402 miratur

116 2411 230 2446 Feith.
254 2413 286 2452 1,
314 2412 346 2452 6
366 2412 417 2455 3)
441 2432 487 2438 -
512 2410 615 2447 οἶσε
639 2412 690 2447 δέ
693 2425 792 2471 μοι
816 2427 920 2456 πυρ,

113 2456 236 2502 Eurip.
270 2457 348 2490 Hel.
373 2458 472 2493 818.·
502 2469 547 2493 σν
581 2455 621 2492 δ’
656 2472 704 2493 αν
728 2458 919 2514 κέλευθον,

113 2503 233 2542 εἴτις
262 2502 423 2548 ε’βλαψεν
452 2505 541 2539 ποδὶ
568 2506 733 2551 Στειβων
766 2502 917 2561 οἷνοσίφ,

112 2548 181 2590 δός
202 2551 397 2592 καθαρσίῳ
421 2550 540 2595 φλογὶ,
567 2553 743 2592 Κροὺσον
767 2552 807 2587 δὲ
829 2551 919 2588 πεύ-

110 2608 191 2640 κην,
218 2597 279 2630 ι’να
303 2595 490 2638 διεξέλθω,
515 2596 640 2638 πυρός.
665 2597 714 2630 ibi
739 2599 917 2633 Brodaeus

111 2647 147 2675 et
179 2642 266 2675 hunc
296 2642 438 2675 Homeri
469 2643 575 2677 locum
610 2643 746 2685 laudat,
779 2650 814 2677 et
843 2646 912 2679 ista

108 2687 315 2721 Eustathii
306 2699 341 2720 ln
366 2699 442 2721 ann
468 2689 512 2721 ad
532 2689 572 2721 ll.
598 2689 644 2730 α’,
666 2690 740 2725 52..
767 2688 825 2725 ὅτι
849 2692 911 2726 καὶ

106 2731 149 2768 τὸ
173 2733 247 2777 πῦρ
271 2730 500 2787 ἁγνιστικόν·
540 2734 599 2770 διὸ
625 2735 686 2769 καὶ
710 2735 745 2769 οἱ
768 2739 909 2781 καθαρ-

105 2778 169 2823 μοὶ
193 2779 258 2814 δια
281 2775 397 2825 πυρὸς
421 2778 595 2824 ἐγίνοντο.
619 2782 664 2815 cf.
690 2781 800 2816 Feith
828 2782 850 2816 1.
877 2795 907 2818 c.

104 2843 151 2850 -—
174 2823 332 2866 πάσας
361 2845 405 2850 —-
436 2827 560 2862 κατὰ
592 2827 744 2873 δῶμα,
776 2840 905 2872 omnes,

104 2876 268 2916 quotquot
290 2876 370 2907 sunt
392 2872 429 2906 in
452 2873 606 2908 aedibus.

1029 1398 1141 1434 488-
1146 1398 1224 1434 494.
1255 1397 1637 1444 πεπυκασμένος,
1669 1402 1790 1433 tectus.

982 1443 1026 1486 λ’,
1050 1447 1129 1481 319.
1153 1446 1190 1478 ΙΙ
1217 1444 1258 1487 ξ
1283 1446 1351 1480 289
1376 1449 1442 1479 etc.
1471 1465 1514 1470 —
1539 1455 1722 1487 νεμεσσ.
1748 1463 1792 1470 —-

983 1491 1067 1534 εἴη.
1119 1491 1159 1525 ΙΙ
1192 1490 1245 1534 γ’,
1276 1492 1366 1532 410,
1402 1489 1461 1533 ω’,
1493 1490 1574 1526 463.
1608 1509 1655 1516 ·—-
1687 1490 1790 1525 Sch..

982 1535 1148 1581 θήιον.
1184 1539 1292 1571 θεῖον
1326 1534 1481 1578 ἄπυρον.
1516 1537 1645 1571 Plinius
1669 1537 1714 1570 H.
1740 1536 1790 1574 Ν,

982 1585 1040 1624 35,
1068 1585 1140 1618 15.:
1175 1584 1291 1616 vivum
1315 1585 1449 1626 sulfur,
1482 1584 1573 1627 quod
1600 1583 1728 1616 Graeci
1751 1594 1790 1616 a-

983 1640 1093 1673 pyron
1110 1635 1245 1671 vocant,
1262 1631 1418 1662 nascitur
1434 1630 1591 1670 solidum,
1610 1647 1655 1653 —
1673 1635 1792 1662 trans-

980 1676 1135 1718 lucetque
1159 1680 1193 1708 et
1215 1676 1314 1708 viret.
1340 1675 1436 1719 Virg.
1462 1676 1595 1719 Georg.
1620 1676 1662 1715 3,
1688 1675 1788 1710 449.=

978 1732 1117 1764 spumas
1140 1722 1281 1754 miscent
1305 1722 1445 1765 argenti
1477 1726 1512 1755 et
1543 1721 1674 1754 sulfura
1697 1721 1795 1755 viva.‘

980 1767 1178 1800 efficaciora
1219 1767 1304 1800 haec
1338 1767 1414 1800 visa
1453 1767 1582 1800 suerint
1613 1767 1789 1800 veteribus

979 1812 1023 1846 ad
1049 1813 1200 1846 morbum
1234 1818 1269 1846 et
1300 1813 1435 1856 aptiora
1461 1813 1590 1851 sacris,
1624 1818 1788 1857 tanquam

978 1858 1181 1892 intemerata
1195 1871 1207 1900 ‚-
1260 1864 1411 1892 ceterum
1453 1858 1543 1892 haud
1582 1857 1802 1902 ignorarunt.

979 1916 1077 1939 usum
1101 1904 1243 1938 sulfuris
1265 1903 1542 1948 πεπυρωμένου.
1567 1922 1612 1928 -
1642 1903 1786 1947 μέγα·

978 1963 1071 1995 ρον.
1113 1961 1200 1984 nunc
1224 1949 1396 2007 ἀνδρῶνα
1420 1950 1588 2004 sanguine
1611 1950 1786 1995 pollutum.

977 1998 1023 2030 cf.
1049 1998 1137 2037 120,
1161 1998 1242 2038 257,
1277 1997 1324 2036 α’,
1349 1999 1418 2033 365
1442 2002 1510 2031 etc.
1545 1995 1656 2030 minus
1689 1999 1797 2038 recte,¹

975 2043 1008 2077 Ε
1041 2043 1200 2087 μέγαρον
1235 2042 1399 2087 intelligit
1431 2043 1710 2096 γυναικωνῖτιν,
1745 2044 1797 2076 ut*

977 2086 1030 2132 φ’,
1052 2090 1143 2125 236.
1165 2108 1211 2114 -
1245 2089 1402 2133 δωμα,
1435 2090 1574 2123 domum
1606 2088 1770 2134 reliquam

972 2135 1064 2169 idem
1087 2139 1141 2169 est
1165 2133 1318 2178 δωματα
1341 2140 1508 2180 sequente
1532 2145 1646 2169 versu.
1771 2115 1794 2181 ἒ

1018 2203 1099 2239 497.
1133 2203 1178 2244 δ’,
1210 2205 1298 2245 300,
1368 2204 1484 2245 ,.339
1519 2203 1565 2236 cf.
1589 2199 1643 2246 ψ’,
1668 2202 1788 2238 289-4'

970 2250 1050 2285 294.
1075 2251 1171 2283 faces
1196 2251 1357 2284 ardentes
1380 2249 1535 2283 manibus
1559 2254 1698 2293 gestare
1723 2259 1760 2282 so

971 2296 1088 2330 lebant
1111 2307 1251 2340 servae,
1287 2308 1360 2330 cum
1392 2295 1580 2340 prodibant
1608 2306 1628 2328 e
1652 2259 1792 2392 γυνιιιιῖ4

970 2343 1149 2383 κωνίτιδι,
1172 2342 1216 2376 ad
1242 2342 1356 2377 varios
1379 2352 1471 2375 usus.

1016 2410 1125 2446 498-
1131 2411 1210 2446 501.
1236 2408 1551 2466 αμφεχέοντο,
1570 2406 1783 2466 circumfum-

963 2458 1146 2491 debantur.
1172 2454 1221 2498 π’,
1245 2456 1325 2493 214.
1350 2476 1395 2481 -
1419 2452 1706 2511 ἠσπάζοντο.
1730 2453 1776 2507 γ’,

962 2505 1009 2540 35
1033 2509 1101 2537 etc.
1126 2522 1172 2528 —
1195 2502 1277 2538 καὶ
1301 2500 1473 2537 κύνεον
1496 2521 1540 2526 -
1566 2500 1785 2545 ulvius-s.

961 2563 1053 2586 ναι.
1085 2550 1130 2583 cf.
1158 2548 1211 2592 φ,
1235 2549 1315 2584 223.
1349 2554 1384 2582 et
1415 2548 1464 2582 ibi
1497 2551 1628 2582 notata.
1668 2548 1774 2592 scm

961 2594 1227 2637 αἰνυμεναι
1259 2593 1314 2637 (ι’,
1341 2595 1420 2636 225,
1446 2593 1488 2628 ΙΙ.
1513 2592 1558 2635 λ’,
1582 2595 1650 2629 580
1673 2593 1768 2650 etc-2⁹,

957 2641 1224 2699 λαμβάνουσαι.
1257 2641 1343 2676 τόν
1367 2660 1413 2666 -—-
1437 2639 1684 2696 στοναχῆς.
1717 2637 1757 2673 π’

956 2691 1059 2724 215.
1071 2686 1337 2745 α’μφονέροισι
1362 2685 1403 2722 δε
1437 2689 1557 2722 τοῖσιν
1580 2699 1635 2729 υφ
1690 2683 1768 2728 ἴμε-

956 2748 1021 2779 ρος
1055 2747 1150 2776 ωρτο
1178 2734 1296 2779 γόοιο.
1329 2753 1373 2760 -
1408 2731 1683 2773 κλαυθμου.
1719 2728 1766 2775 δ’,

954 2784 1046 2824 212,
1073 2778 1117 2826 ρ’,
1151 2782 1173 2817 8
1200 2785 1267 2816 etc.
1297 2799 1341 2806 -—
1369 2779 1617 2823 στοναχῆς.
1647 2775 1690 2822 ξ,
1712 2777 1759 2814 39

954 2833 1023 2863 etc.
