1821 3288
395 82 712 127 ADDENDA
759 83 844 126 ET
891 84 1326 129 EMENDANDA.
1611 90 1694 131 891

0 207 2 211 ·
37 203 122 242 pore
145 195 358 241 Sarpedonis
379 206 447 230 non
471 192 675 239 suntpotiti
700 194 840 231 Graeci.
863 194 983 240 Eurip.
1007 196 1115 231 Herc.
1139 197 1206 231 fur.
1230 196 1326 233 1942
1350 200 1506 244 τυφλοῖς
1529 195 1697 243 ὁρῶντας

0 258 1 261 “
37 238 199 283 ου’τοὲσας
224 241 429 285 τοξεύμασι.
454 242 497 274 de
522 253 546 273 α
574 244 609 274 et
634 253 653 274 ο
685 240 810 274 litteris
835 242 987 275 confusis
1010 253 1043 276 v.
1069 243 1198 285 Odyss.
1222 244 1266 283 κ’,
1294 244 1385 287 343,
1410 243 1452 287 λ’,
1476 245 1538 287 66,
1562 244 1613 290 μ’,
1636 248 1693 290 62,

38 286 91 330 φ’,
117 291 193 323 123.
217 308 263 314 -
287 289 364 322 588.
388 286 493 320 scrib.
516 284 604 321 ὕπο.
628 306 672 310 -
704 288 784 321 621.
808 291 879 321 not.
902 299 970 322 scr.
1001 287 1037 330 ι’,
1062 290 1141 323 678.
1170 308 1208 314 -
1245 290 1324 325 658.
1355 295 1413 326 Δι
1429 291 1477 332 ὸς
1502 290 1583 335 ἱροὶ
1614 290 1696 327 τοὶ-

35 337 193 369 λαντα.
218 335 262 367 cf.
286 332 338 374 θ’,
361 333 417 367 69.
441 353 483 358 -
521 334 599 367 693.
635 329 926 368 θάνατόνδε.
961 345 1036 368 num
1078 334 1240 368 ferendus
1280 339 1334 368 est
1370 344 1531 371 accentus
1569 338 1695 383 duplex

0 398 1 402 =
36 385 156 414 contra
178 380 327 423 regulam
354 378 493 422 (Viger.
520 391 552 423 p.
578 379 694 422 690?
718 379 775 411 vix
800 379 972 421 arbitror,
997 380 1177 425 malimque
1199 379 1303 414 scribi
1326 383 1560 425 θανατόνδε,
1583 386 1695 419 πολε-

34 426 170 470 μόνδε,
205 432 242 458 et
272 424 427 458 similiter
461 423 528 458 alia
564 424 739 467 ejusmodi.
789 426 833 457 cf.
867 423 903 468 ι’,
938 427 1016 467 73.,
1059 427 1116 460 ubi
1162 424 1356 471 ἤπειρόνδε
1397 431 1492 462 velut
1529 430 1695 464 instinctu

35 472 179 515 quodam
203 471 367 515 scriptum
388 473 461 510 est,
488 468 530 511 κ’,
554 470 642 511 440,
670 475 705 502 et
727 471 872 504 inferius
908 477 1071 506 annotata
1095 472 1140 506 ad
1165 471 1218 515 ω’,
1243 473 1336 517 338,
1361 474 1490 518 OdySS.
1514 473 1553 516 ε’,
1577 477 1612 517 3,
1636 478 1694 518 56,

33 517 122 555 204,
146 515 188 558 ζ’,
215 516 273 558 42,
299 522 425 550 etc.—
451 517 529 551 755.
554 514 601 560 ἑή
626 515 673 550 τέ
696 528 781 559 μιν
806 513 1133 562 ὤλεσεν-ἀλκή.
1162 518 1316 552 similiter
1331 516 1371 561 ζ’,
1388 519 1483 555 407.=
1508 521 1696 565 δαιμόνιε,

35 563 166 605 φθίσει
191 573 229 596 σε
253 560 296 597 τὸ
323 561 388 597 σόν
410 561 533 605 μένος.
557 581 601 586 ——
625 563 705 596 791.
731 574 796 595 non
821 563 906 596 male
932 564 1063 608 Heyn.:
1089 564 1224 608 πλῆξε-’ν
1246 577 1283 600 τε
1305 577 1325 599 e
1348 566 1503 600 Moscov.
1521 568 1554 603 2.
1582 579 1614 600 v.
1640 572 1694 602 ta-

32 619 107 642 men
133 608 274 642 inserius
301 611 389 650 119,
415 606 456 649 6¹,
482 610 569 652 416,
604 607 724 651 Eurip.
752 610 884 642 Hecub.
912 610 1000 644 1230
1017 635 1027 651 ,
1060 611 1180 655 Suppl.
1207 613 1286 646 643.
1310 623 1383 645 cum
1409 623 1527 657 seqq.,
1567 613 1692 646 Matth.

31 657 66 699 ἓ.
91 656 171 695 606,
195 656 238 695 3,
267 654 379 698 Viget.
409 656 443 695 7,
466 655 499 695 8,
524 656 557 689 9.
582 674 623 678 -
654 655 734 688 810.
762 655 934 697 VenetuS‚
967 668 1064 700 quem
1091 658 1203 701 Heyn.
1229 658 1421 702 expressit:
1453 657 1516 693 καὶ
1547 657 1618 702 γάρ
1644 658 1691 701 δὴ

33 699 114 736 τότε
139 707 204 734 etc.
230 701 347 734 Schol.
375 701 440 734 B.=
464 701 545 734 καὶ
568 695 654 743 γοῖρ
681 700 735 744 δή
760 713 883 735 ποτε.
910 699 973 736 διὰ
998 703 1066 737 τοῦ
1089 717 1108 738 τ
1135 704 1173 738 αἱ
1209 699 1445 748 Ἀριστάρχου
1471 705 1554 740 καὶ
1578 718 1610 748 γ.
1635 703 1692 750 δή

31 758 139 782 τοτε
163 752 229 780 etc.
254 747 387 790 Heyn.:
412 746 517 785 „Scit
544 758 585 779 ex
611 745 746 790 vulgari
769 747 965 788 lectione‚“
989 747 1120 792 inquit,
1147 761 1313 790 „necesse
1337 756 1389 785 est
1404 752 1482 793 jam
1513 759 1594 785 ante
1622 752 1693 784 bel-

32 794 123 833 lum,
153 793 189 825 in
215 793 456 826 certaminibus
480 790 539 836 (ἐν
565 791 723 835 ἀγῶσιν)
748 792 930 837 aliquando
956 793 1081 827 vicisse
1106 796 1342 840 Euphorbum.
1391 796 1496 840 Atqui
1534 796 1694 831 certami-

32 839 131 872 nibus
153 849 221 871 non
244 839 404 871 convenit
427 840 536 883 βῆσεν
567 836 638 882 ἀφ’
675 839 819 878 ἵππων,
862 838 953 882 quod
985 846 1039 873 est
1076 839 1295 886 ἀπεβίβασε,
1330 844 1589 888 κατεβίβασεν,
1625 840 1694 886 ἐφ’

32 883 220 928 ἅρματος,
246 885 442 918 deturbavit
466 886 564 919 hasta
588 885 760 929 petend0,
784 883 874 927 ἔγχει
899 882 1132 928 ὀρεξάμενος.
1155 887 1204 920 sic
1231 891 1273 928 E,
1302 890 1389 930 163,
1414 890 1492 924 64.:
1528 885 1578 929 (ὃς
1602 889 1693 930 τούς

33 928 266 975 ἀμφοτέρους
291 929 329 972 ἐξ
356 931 477 964 ἵππων
513 930 655 969 Τυδέος
679 928 759 969 υἱὸς
783 931 873 975 βῆσε
895 931 1052 972 κακῶς“
1076 936 1142 968 etc.
1170 934 1367 968 fefellerunt
1393 935 1503 969 virum
1533 935 1695 970 doctissi-

31 989 116 1011 mum
140 978 249 1010 verba
274 977 487 1011 Scholiastae
507 979 536 1010 A
561 977 603 1010 de
628 976 776 1010 Graecis
803 976 936 1016 solitis,
971 983 1010 1011 ut
1033 983 1169 1020 narrat,
1203 978 1478 1025 ἁρματομαχεῖν
1510 981 1696 1025 ἐσφαιρω-

30 1023 156 1066 μένοις
175 1022 307 1064 δόρασι
329 1023 542 1065 χρωμένοις,
567 1022 628 1057 καὶ
654 1020 871 1061 ἀνατρέπειν
896 1020 985 1062 τοὺς
1010 1021 1306 1065 ἀπελαύνοντας
1329 1025 1367 1061 ἐκ
1391 1027 1466 1062 τῶν
1485 1025 1693 1072 ὀχημάτων,

31 1067 120 1112 quae
151 1069 268 1102 eadem
300 1069 404 1101 habet
438 1068 558 1109 Eust.‚
600 1068 856 1113 consimiliaque
887 1069 1002 1103 schol.
1025 1071 1067 1103 B.
1101 1076 1138 1104 at
1161 1072 1308 1105 Graecis
1343 1073 1426 1117 quid
1459 1075 1508 1107 rei
1541 1079 1595 1107 est
1619 1085 1694 1107 cum

30 1115 185 1156 Trojano
210 1109 427 1158 Euphorbo?
470 1114 536 1147 imo
561 1114 625 1147 hoc
649 1114 736 1147 dicit
768 1117 886 1159 poeta,
919 1115 995 1149 olim
1020 1116 1130 1160 primo
1160 1119 1275 1152 statim
1310 1119 1468 1163 proelio,
1500 1119 1591 1164 quod
1615 1119 1695 1153 iniit

28 1160 250 1202 adolescens,
282 1161 328 1194 20
351 1160 444 1192 illum
469 1160 561 1193 viros
587 1160 744 1193 curribus
770 1161 970 1195 deturbasse
1002 1168 1106 1206 atque
1137 1162 1369 1198 interfecisse.
1410 1164 1530 1208 quodsi
1562 1171 1695 1199 tantam

29 1211 178 1250 stragem
202 1206 394 1250 principum
418 1204 568 1239 virorum
594 1217 681 1248 nunc
705 1206 812 1250 ipsum
838 1206 1020 1248 edidisset,
1045 1210 1295 1244 memorandum
1321 1210 1356 1243 id
1381 1211 1505 1244 fuisset
1529 1212 1607 1244 huic
1633 1223 1696 1245 no·-

29 1258 102 1286 stro
127 1252 161 1285 in
184 1251 430 1296 superioribus.
456 1270 501 1277 —
526 1252 605 1287 841.
632 1257 806 1286 cruentam
827 1251 912 1286 dicit
934 1253 1073 1288 loricam
1099 1256 1142 1289 ab
1168 1256 1295 1291 effectu
1314 1257 1490 1292 vulnerum
1513 1257 1697 1293 illatorum.

29 1318 75 1322 —
97 1299 176 1333 853.
202 1309 270 1331 scr.
297 1297 486 1338 Θάνατος,
511 1303 549 1331 ut
573 1300 714 1340 Meum.

123 1346 165 1385 P,
189 1344 244 1378 38.
270 1343 405 1388 Apoll.:
431 1341 628 1386 ἄρητόν.
660 1341 814 1387 εὐκτὸν,
848 1339 870 1386 ἢ
893 1343 1070 1390 βλαβερὸν
1086 1370 1096 1385 .
1129 1342 1152 1388 ἢ
1178 1345 1445 1391 πολυχρόνιον,
1479 1344 1528 1388 ὦς
1549 1343 1695 1382 Ἀπίων.

31 1389 135 1432 (mira
158 1390 413 1434 interpretatio.
440 1390 592 1434 Hesych.
627 1401 781 1435 quoque:
819 1388 968 1434 ἀρητὸν.
1001 1391 1203 1437 βλαβερὸν,
1237 1394 1513 1438 πολυχρόνιον.)
1553 1394 1697 1438 βέλτιον

30 1434 72 1471 δὲ
97 1434 140 1471 τὸ
163 1437 328 1479 πρῶτον·
354 1434 458 1470 θέλει
481 1438 552 1480 γάρ
577 1436 692 1470 εἰπεῖν
708 1461 717 1477 ,
742 1434 801 1470 ὅτι
824 1449 902 1475 πως
935 1437 1136 1482 (perperam
1159 1438 1255 1479 libri:
1289 1442 1386 1484 τοῖς)
1413 1439 1459 1475 δι’
1485 1436 1697 1486 ’ὑπερβολήν

30 1483 291 1526 φιλοστοργίας
313 1482 483 1525 γονεῦσιν
507 1480 713 1517 οἷπωλεκόσι
740 1482 812 1525 (sic
831 1481 919 1514 Toll.
932 1493 995 1526 pro
1019 1489 1182 1528 corrupto
1207 1482 1436 1530 ἅπολέλασι.)
1457 1485 1546 1526 τούς
1570 1500 1698 1531 γεννη-

28 1527 167 1568 θέντας
191 1525 264 1571 ἠδύ
289 1528 352 1562 καὶ
377 1525 523 1571 αἱρετὸν
547 1529 686 1562 κλαίειν
709 1540 742 1561 κ.
769 1530 935 1562 πενθεῖν.
977 1529 1027 1562 sic
1051 1529 1153 1564 Hom.
1187 1530 1228 1564 11.
1253 1530 1307 1575 ψ’,
1333 1534 1399 1567 108
1424 1537 1460 1567 et
1491 1533 1576 1566 alias
1608 1533 1699 1567 dixit

29 1575 156 1618 ἲζιιερον
181 1575 256 1608 sive
282 1572 367 1616 ἔρον
399 1573 514 1619 γόου,
548 1575 769 1616 κλαυθμοῦ,
806 1574 999 1616 στοναχῆς,
1025 1586 1059 1608 v.
1083 1575 1137 1618 ψ’,
1164 1578 1227 1619 10,
1251 1577 1304 1620 ω’,
1327 1579 1416 1621 227,
1438 1579 1510 1613 Od.
1536 1578 1590 1620 δ’,
1617 1581 1697 1621 102,

30 1623 115 1663 113,
139 1617 182 1666 χ’,
205 1621 285 1661 500,
309 1621 389 1654 501.
415 1640 459 1646 -
483 1623 540 1657 51.
576 1621 768 1665 asyndeton
801 1620 1037 1665 patheticum‚
1077 1625 1201 1666 poetae
1233 1624 1344 1658 animo
1381 1625 1477 1658 velut
1507 1625 1652 1670 abrepto
1678 1637 1699 1659 e

28 1679 116 1711 gyro
141 1667 300 1711 superius
323 1666 510 1708 dictorum,
534 1670 569 1700 et
593 1667 629 1700 in
654 1666 727 1699 sola
751 1666 962 1709 cogitatione
986 1667 1037 1700 rei
1059 1668 1255 1712 cujusdam,
1289 1682 1357 1715 qua
1384 1671 1528 1704 maxime
1551 1683 1699 1705 commo-

27 1716 139 1754 vetur,
162 1713 345 1746 defixo.—
366 1711 445 1748 104.
469 1732 514 1737 -—
540 1712 584 1747 εἴ
602 1725 695 1752 πως
720 1709 1022 1756 ἐρυσαίμεθα
1047 1714 1223 1758 νεκρόν
1250 1718 1467 1762 Πηλείδῃ
1488 1715 1696 1761 ’Λχιλῆϊ“

27 1760 184 1795 κακῶν
208 1757 256 1793 δέ
280 1770 327 1794 κε
351 1759 599 1802 φέρτατον
633 1759 721 1801 εἴη.
754 1765 925 1802 postrema
957 1759 1069 1804 Heyn.
1094 1761 1144 1795 ita
1168 1762 1340 1796 reddidit:
1372 1763 1463 1796 inter
1485 1765 1582 1797 mala
1613 1775 1699 1798 sane

27 1807 278 1843 meliusssesset,
304 1816 379 1838 oum
404 1804 588 1849 φέρτατον
619 1804 831 1848 intelligeret
856 1804 1104 1848 φερτότατον,
1130 1809 1223 1851 quod
1246 1819 1291 1842 an
1313 1808 1389 1843 fieri
1414 1809 1545 1853 possit,
1568 1808 1698 1843 viderit

27 1850 105 1896 ipse
127 1863 185 1896 ap.
209 1850 353 1884 Inferos.
379 1853 480 1895 paulo
504 1850 716 1885 tolerabilior
739 1856 805 1892 est,
831 1862 928 1894 quem
955 1851 1066 1894 Heyn.
1096 1855 1318 1897 sequebatur,
1342 1855 1541 1900 Berglerus,
1566 1854 1698 1901 quippe

29 1897 88 1942 qui
111 1896 297 1930 retinuerit
319 1897 382 1930 sub
407 1897 531 1931 vexillo
556 1895 748 1940 φέρτερον,
780 1896 958 1941 vulgatam
983 1898 1060 1931 olim
1084 1900 1300 1944 scripturam.
1338 1912 1453 1935 verum
1478 1912 1522 1934 ne
1545 1902 1597 1935 sic
1620 1901 1699 1946 qui-

29 1945 104 1978 dem
128 1942 286 1988 procedit
307 1942 374 1976 ista
397 1942 660 1987 interpretatio;
697 1954 798 1988 qnam
822 1943 881 1987 qui
906 1944 1088 1987 probabit,
1123 1945 1153 1978 is
1176 1957 1229 1980 me
1253 1951 1394 1980 auctore
1427 1947 1558 1982 scribet
1581 1946 1698 1982 κακὸν

0 2025 2 2038 ‚
29 1988 71 2025 δέ
94 2001 133 2024 κε
157 1987 334 2033 φέρτερον
359 1989 427 2032 εἴη,
445 1991 563 2033 potius
587 1990 676 2023 enim
699 1989 735 2022 id
759 1990 888 2022 malum
904 1991 1028 2031 ,ἴοι-εις
1052 1992 1280 2036 suspicorque
1304 1993 1338 2027 id
1351 1993 1532 2027 Homerum
1554 1993 1697 2028 dixisse.

0 2042 1 2066 l
29 2035 151 2081 quodsi
175 2035 252 2079 quis
277 2039 347 2075 est,
372 2035 432 2079 qui
456 2036 541 2068 nolit
566 2036 654 2080 eripi
679 2035 744 2068 sibi
769 2035 813 2069 τό
840 2034 1023 2078 φέρτατον
1039 2061 1049 2078 ,
1090 2037 1121 2070 ei
1146 2038 1210 2072 hoc
1234 2038 1423 2083 ponendum
1449 2039 1577 2080 fuerit,
1616 2051 1699 2084 gra-

28 2081 124 2115 viore
150 2081 286 2125 quidem
311 2080 517 2115 mutatione:
556 2083 681 2116 κακῶν
705 2080 747 2117 δέ
775 2092 815 2116 κε
847 2082 1052 2125 φέρτατον,
1094 2083 1129 2118 εἰ
1158 2082 1220 2128 μή.
1246 2104 1292 2110 -—-
1327 2087 1406 2120 111.
1431 2085 1517 2118 male
1545 2097 1698 2130 operae=

28 2124 179 2163 ἄλκικον
205 2139 266 2171 pro
292 2125 602 2172 ἄλκιμον.-157.
627 2126 735 2164 οἶόν
757 2125 790 2162 τ’
812 2123 997 2170 ἄνδρας
1021 2127 1288 2174 ἐσέρχεται,
1310 2129 1376 2165 imo
1403 2129 1484 2166 οἷόν
1506 2127 1588 2176 γ’ἄ.
1606 2130 1635 2168 ε’.
1651 2151 1699 2157 -

27 2175 109 2210 210.
132 2174 340 2208 restituerim
364 2185 455 2207 nunc
478 2173 520 2209 τό
537 2170 664 2219 ”Αρης,
692 2175 724 2208 li.
750 2186 779 2211 e.
805 2185 983 2219 personam
1008 2175 1108 2218 belli,
1136 2188 1238 2221 quam
1269 2177 1424 2211 indicare
1455 2177 1594 2212 videtur
1624 2177 1699 2222 epi-

27 2221 148 2255 theton
171 2217 351 2260 ἐνυὸιλιος.
387 2219 489 2254 irruit
510 2221 545 2254 in
571 2233 648 2255 eum
674 2220 792 2261 Mars,
828 2222 862 2254 h.
888 2233 918 2253 e.
945 2221 1056 2255 animo
1092 2233 1134 2255 ac
1159 2224 1276 2257 furore
1300 2234 1361 2257 suo
1386 2226 1494 2257 totum
1528 2224 1697 2268 implevit.

31 2265 130 2310 Virg.
155 2265 199 2300 de
224 2266 357 2311 Sibylla
380 2267 465 2300 Aen.
493 2269 526 2307 6,
539 2269 615 2302 77.=
642 2267 770 2301 Phoebi
792 2267 943 2300 noudum
964 2269 1104 2311 patiens
1126 2269 1287 2304 immanis
1309 2270 1346 2303 in
1369 2275 1472 2303 antro
1497 2270 1698 2304 Bacchatur

29 2317 149 2353 vates,
181 2323 337 2356 magnum
373 2312 403 2347 si
428 2319 567 2357 pectore
592 2313 703 2358 possit
726 2312 932 2346 Excussisse
957 2315 1066 2347 deum.
1091 2314 1213 2348 Horat.
1249 2315 1317 2349 Cd.
1343 2318 1374 2357 1,
1403 2317 1457 2356 19,
1482 2317 1536 2350 9.:
1581 2318 1622 2350 In
1644 2328 1698 2350 me

29 2362 106 2393 tota
129 2369 230 2392 ruens
258 2359 368 2393 Venus
395 2360 542 2403 Cyprum
572 2360 733 2393 deseruit.
759 2378 804 2384 -—
829 2358 909 2394 987.
937 2360 1042 2393 Lethi
1066 2361 1106 2394 P.
1131 2373 1233 2395 mors.
1258 2373 1349 2394 scr.:
1373 2362 1569 2406 Hippothoi
1595 2374 1697 2396 mors.

30 2421 74 2430 -
101 2403 182 2437 446.
207 2404 307 2439 aliter
332 2416 420 2438 nunc
444 2407 608 2439 sentimus
632 2405 675 2438 de
701 2405 767 2439 isto
791 2403 1020 2448 λαρώτατοςε
1045 2417 1078 2440 v.
1102 2417 1183 2440 ann.
1207 2407 1250 2440 ad
1277 2408 1405 2451 Odyss.
1432 2407 1476 2454 β’,
1501 2409 1581 2444 350.
1605 2408 1698 2442 haud

30 2449 130 2483 nolim
156 2449 261 2484 scribi
285 2447 548 2494 ὀϊζυρέστερον.
586 2471 630 2476 -
663 2452 743 2486 503.
766 2450 955 2495 μένεος.
994 2451 1120 2496 Odyss.
1145 2451 1195 2495 π’,
1216 2454 1318 2488 268.=
1358 2451 1471 2489 ὁπότε
1494 2455 1698 2499 μνηστῆρσι

16 2495 93 2542 ,καὶ
115 2492 206 2538 ’ἡμῖν
229 2517 274 2522 -
295 2497 403 2539 μένος
427 2500 596 2542 κρίνηται
617 2496 743 2540 ἄρηος.
769 2517 813 2522 —-
839 2499 907 2532 612
931 2517 976 2524 —
1000 2500 1081 2533 616.
1116 2499 1209 2532 forte
1239 2499 1369 2533 excidit
1400 2500 1593 2540 annotatio,
1629 2511 1698 2543 qua

29 2542 262 2586 improbabam
288 2543 348 2576 hos
373 2555 512 2586 versuS‚
545 2550 709 2588 tanquam
733 2543 818 2577 male
843 2545 1066 2578 cohaerentes
1090 2555 1163 2578 cum
1191 2545 1426 2591 sequentibus.
1454 2564 1498 2571 —
1529 2546 1608 2581 640.
1633 2546 1698 2580 fri-

29 2595 90 2633 get
113 2599 179 2621 vox
204 2587 370 2631 ἑταῖρος,
395 2590 499 2635 idque
523 2603 564 2624 eo
590 2590 710 2633 magiS,
736 2589 827 2633 quod
852 2590 967 2623 statim
991 2589 1082 2624 idem
1105 2592 1227 2625 vocab.
1253 2596 1438 2636 usurpatur
1461 2591 1498 2625 in
1523 2592 1696 2626 Patroclo.

30 2633 141 2668 malim
166 2634 284 2678 itaque
310 2632 473 2678 ἑταίρου,
497 2639 540 2671 ‹le
564 2637 689 2676 sodali,
717 2635 887 2669 Patroclo.
913 2656 960 2662 —-
983 2638 1062 2671 666.
1077 2637 1337 2680 περὶ-λίπ
1352 2649 1465 2673 οιεν.
1488 2638 1576 2672 male
1602 2638 1698 2672 hisce

31 2679 204 2724 appictum
229 2685 282 2714 est
306 2682 349 2715 ab
374 2681 488 2726 operis
513 2683 646 2724 signum
672 2681 874 2726 suspicionis
899 2693 961 2725 pro
988 2684 1245 2726 parentheseos.
1272 2703 1317 2708 -—
1342 2684 1420 2719 699.
1445 2684 1578 2727 malim,
1605 2683 1698 2728 quod

31 2726 222 2759 offensione
247 2734 364 2760 carett
394 2724 498 2763 ὅσθ’
533 2729 581 2763 οἱ.
618 2728 732 2761 fraudi
767 2728 874 2761 suerit
897 2730 928 2762 θ
952 2727 1090 2763 litterae
1123 2740 1143 2764 σ
1167 2729 1397 2771 antecedens·,
1441 2741 1508 2774 qua
1532 2729 1576 2762 de
1599 2741 1638 2763 re
1662 2742 1696 2763 v.

32 2771 146 2816 hymn.
169 2775 200 2805 in
225 2772 322 2805 Pana
346 2773 403 2806 40.
427 2793 472 2799 —
495 2777 576 2809 709.
602 2785 670 2815 scr.
696 2773 902 2818 separatim:
937 2772 981 2808 οὐ
1009 2774 1049 2809 δέ
1071 2787 1149 2818 μιν.
1172 2794 1217 2803 -·-
1242 2775 1322 2810 735.
1348 2774 1426 2810 ἐπὶ
1453 2773 1504 2810 δὲ
1527 2775 1698 2812 πτόλε-

31 2830 116 2862 μος
150 2817 313 2853 τέτατό
356 2830 472 2862 σφιν
500 2819 706 2864 Ἄγριος,
744 2817 860 2863 η’ὕτε
893 2820 1008 2865 πῦρ,
1039 2821 1092 2856 τό
1125 2818 1161 2856 τ’
1189 2818 1520 2865 ἐπεσσύμενον
1553 2821 1695 2857 πόλιν

33 2861 471 2908 ἀνδρῶν’Όρμενον
496 2863 734 2911 ἐξαίφνης
759 2865 1007 2910 φλεγέθει.
1029 2867 1159 2911 miror,
1191 2867 1248 2901 diu
1273 2868 1394 2902 tulisse
1428 2867 1582 2904 eruditos
1607 2880 1698 2902 com-

36 2910 147 2954 posita
169 2909 416 2956 ἐπεσσύμενον
440 2917 475 2946 et
498 2911 662 2958 ὄρμενον.
687 2923 810 2957 magna
836 2917 889 2946 est
921 2912 1074 2948 codicum
1106 2914 1319 2956 auctoritas,
1366 2915 1427 2950 sed
1463 2926 1530 2948 non
1554 2920 1700 2959 antepo-

35 2956 144 2991 nenda
168 2957 305 2994 rationi.
339 2971 424 2994 cave
456 2960 566 3004 igitur
599 2958 754 3001 dubites,
794 2958 938 2994 affectos
969 2959 1026 2994 hic
1050 2971 1128 2995 esse
1159 2960 1288 3002 libros,
1327 2971 1402 2995 cum
1434 2960 1532 2997 Hom.
1556 2960 1699 2996 dixisset
