1821 3288
433 92 748 134 ADDENDA
779 92 860 134 ET
896 92 1325 144 EMENDANDA.
1618 102 1701 144 407

55 213 153 246 quam
188 204 329 236 sormam
357 203 504 239 Homero
528 206 565 236 et
586 202 780 236 Homeridis
804 215 1040 238 reservemus.
1059 215 1094 238 ν.
1127 216 1206 239 ann.
1244 207 1285 240 ad
1318 208 1351 242 h.
1375 207 1410 242 in
1445 207 1508 252 Ap.
1540 208 1583 242 D.
1610 209 1702 251 148..

56 247 111 281 ubi
135 248 252 282 induci
274 249 382 283 velim.
395 249 503 285 verba
526 253 589 288 „et
611 248 772 293 ξύναγον
796 250 830 294 in
852 249 950 284 Batr.
975 248 1087 286 133'.“'
1104 267 1149 275 —
1174 253 1251 286 161.
1272 252 1366 294 Ιἱτάς.
1402 253 1485 299 quid
1503 252 1704 288 dubitamus

56 304 183 338 ponere
208 290 272 334 ἃς,
315 295 404 338 quod
428 289 504 339 ipse
528 295 628 331 Hom,
653 306 719 328 non
743 295 845 328 semel
880 295 1083 338 usurpavit?
1107 313 1152 320 —
1191 295 1272 331 212.
1295 297 1379 332 dure
1413 306 1584 342 postrema
1606 300 1703 334 verbi

55 339 134 380 ὀξέϊ
154 339 338 386 corripitur
363 345 442 373 ante
467 351 517 383 σχ.
543 342 730 374 scribamus
755 346 789 373 et
815 340 867 374 bic
893 346 928 383 et
952 343 1030 376 256.
1059 341 1146 384 ὀξεῖ.
1169 361 1214 383 ,-
1239 344 1318 387 213.
1345 344 1474 378 malim:
1499 343 1586 389 Ἀρτ.
1612 348 1704 380 Πολ.

55 383 93 419 δ’
119 386 167 420 αὖ
195 382 290 418 κατὰ
311 397 341 428 γ.
365 399 396 419 τ.
421 406 468 412 —-
490 386 568 422 237.
590 387 707 420 obstat
729 386 932 419 correctioni
957 399 1026 421 mos
1050 386 1345 431 poetae'doeendi
1371 391 1487 424 horum
1514 392 1704 426 animalium

54 431 188 464 nomina
210 431 254 463 ab
277 441 392 474 eorum
416 437 539 465 natura
565 437 600 466 et
622 433 726 465 victu.
750 443 858 476 quare
881 433 990 466 malim
1023 432 1240 478 Ψωμοὶρπαξ
1263 434 1318 468 vel
1342 436 1504 480 quiddam
1529 438 1705 471 simile.—

54 478 132 511 238.
155 476 368 509 verisimilius
393 477 469 509 mihi
496 488 582 511 nunc
607 478 763 516 videtur,
797 481 932 522 poetam
958 480 1094 521 dedisse
1117 479 1334 522 Πηδάσιον,
1366 494 1386 515 a
1409 484 1534 524 πηὸἇν
1558 484 1610 516 vel
1633 481 1705 529 πή-

52 523 160 563 δασα.
183 521 290 565 μηρῷ
313 523 491 557 etiamnum
522 524 647 568 placet.
673 544 720 548 —-
741 524 821 557 260.
854 524 982 557 ironice
1017 526 1105 559 dixit
1139 524 1330 569 ἁρίστευεν
1365 519 1500 562 καθ”
1518 525 1705 572 ὅμιλον,

51 568 88 600 in
112 568 233 607 turba,
256 578 355 601 secus
379 581 420 602 ac
442 568 554 602 solent
577 569 759 608 fortiores,
790 569 848 612 qui
874 570 937 603 soli
972 577 1125 614 pugnant
1149 571 1376 616 antesignani.
1405 592 1442 598 —-
1470 574 1550 608 285.
1574 576 1703 609 malim:

52 625 122 652 mu.
149 613 446 668 Qzavouzo'vov,
474 613 584 659 μέγα,
616 612 696 661 ἆβρ.
730 614 774 648 de
797 618 816 650 λ
838 621 873 649 et
895 628 916 650 τ
943 618 1092 652 confusis
1117 630 1152 653 v,
1175 619 1304 664 Odjss.
1328 616 1380 661 α’,
1406 620 1474 659 329
1502 623 1569 654 etc.
1593 621 1703 655 simile

51 662 320 704 πολεμοκλονον
341 662 422 697 279.

621 910 1139 962 HYMNI.

140 999 186 1033 ΙΙ.
208 1000 244 1033 ἰη
269 1000 381 1044 Apoll.
406 999 568 1042 Pythium
590 1001 648 1033 ΞΟ.
674 1010 739 1035 scr.
765 997 918 1042 ἐλαχεῖα,
946 1006 983 1034 ut
1007 1001 1051 1034 O.
1069 1000 1106 1041 ι’,
1133 1003 1210 1042 116,
1231 1002 1291 1034 ubi
1315 1000 1347 1035 v.
1371 1013 1449 1036 aun.
1478 1021 1523 1028 -—
1546 1003 1601 1036 26.
1619 1013 1705 1036 son:

47 1044 291 1089 μαρμαρυγᾰς
314 1057 353 1079 τε
373 1046 513 1078 ποδῶν.
545 1045 627 1087 quid
651 1045 758 1086 enim,
790 1057 938 1090 quaeso,
968 1047 1035 1079 sibi
1059 1048 1182 1080 volunt
1205 1044 1526 1090 οἷμφιφᾱείνουσαι
1559 1060 1706 1091 μαρμα-

48 1091 156 1134 ρυγαὶ
180 1091 309 1126 ποδοῖν
330 1103 363 1124 κ.
389 1090 572 1132 χιτῶνοςῒ
603 1091 759 1135 profecto
785 1091 947 1135 mirarer,
981 1093 1044 1126 hoc
1068 1093 1147 1126 mihi
1172 1094 1325 1126 relictum
1351 1103 1447 1134 esse,
1483 1094 1573 1136 quod
1597 1095 1706 1127 corri-

47 1148 184 1180 gerem,
223 1135 289 1170 nisi
312 1135 488 1181 putidiora
519 1136 620 1169 etiam
644 1137 679 1169 in
703 1136 891 1170 tritissimis
915 1138 1024 1181 ipsius
1047 1138 1186 1172 Homeri
1212 1139 1414 1172 carminibus
1446 1139 1556 1172 indies
1577 1151 1705 1184 propa·

47 1182 123 1226 gari
147 1181 298 1216 viderem
335 1182 576 1226 superstitiosa
606 1173 801 1216 reverentia
835 1184 1150 1218 semibarbarorum.
1175 1197 1195 1219 ο
1219 1185 1326 1224 ratio,
1363 1185 1519 1229 quamvis
1551 1186 1707 1228 humana,

47 1234 160 1262 tamen
184 1228 248 1262 deo
276 1228 450 1272 proxima,
474 1228 651 1272 ecquando
677 1228 710 1261 in
738 1228 788 1260 his
812 1228 936 1263 litteris
961 1230 1211 1274 triumphabis?
1235 1248 1278 1256 -
1308 1229 1458 1266 34—36.
1484 1242 1562 1265 anu.
1587 1237 1706 1264 extre—

47 1285 101 1308 ma
126 1274 216 1308 adde
240 1273 407 1318 virgulam
439 1279 519 1318 post
551 1275 671 1307 vocab.
701 1275 859 1316 fabulae.
884 1293 930 1307 ν-
966 1277 1042 1310 187.
1067 1287 1133 1309 scr.
1160 1278 1296 1318 ζωοῖσι.
1318 1296 1365 1302 --
1400 1279 1478 1312 219.
1515 1276 1705 1320 γυάλων

46 1318 141 1356 ὕπο
171 1323 218 1355 Π.
254 1319 425 1352 Hesiodus
460 1320 592 1363 Theog.
617 1321 715 1353 499.:
755 1322 887 1355 Πυθοῖ
916 1319 955 1355 ἐν
988 1321 1152 1366 ἠγαθέῃ,
1193 1320 1343 1365 γυάλοις
1373 1318 1448 1358 ὕπο
1476 1326 1705 1367 Παρνησοῖο.

47 1369 132 1411 Ap.=
156 1364 305 1410 γύαλον.
328 1364 371 1400 τὰ
395 1363 504 1405 κύτος
527 1366 596 1399 τοῦ
619 1364 808 1406 θώρακος.
832 1388 875 1393 —
903 1368 952 1403 (v.
979 1367 1015 1400 ll.
1043 1366 1079 1408 ε’,
1105 1368 1160 1408 99,
1185 1366 1229 1408 ν’,
1251 1369 1351 1412 507.)
1374 1368 1521 1404 τιθέασι
1545 1369 1585 1404 δέ
1607 1382 1705 1410 τινες

46 1412 116 1455 τήν
139 1412 237 1454 λέξιν
260 1411 322 1446 καὶ
346 1410 407 1447 ἐπὶ
430 1413 506 1446 τῶν
538 1411 798 1454 κοιλωμάτων,
836 1410 884 1451 (ὃς
910 1411 1102 1452 (Ησίοδος
1133 1413 1331 1457 γυάλοις
1366 1411 1459 1450 ὑπὸ
1492 1419 1634 1458 Παρν.
1657 1435 1703 1442 --

45 1459 125 1494 223.
153 1459 230 1492 dele
254 1457 343 1501 virg.
368 1463 447 1501 post
469 1458 610 1502 κοίληνέ
634 1477 677 1482 -
699 1458 776 1491 311.
797 1459 867 1500 jam
892 1470 957 1492 non
982 1460 1095 1503 placet
1116 1458 1192 1502 μέν.
1226 1460 1356 1493 malim:
1391 1460 1452 1496 ἐπί
1474 1461 1509 1505 γ’
1535 1458 1703 1505 ἠπείρου,

47 1510 86 1538 ut
111 1505 242 1538 Herod.
265 1506 299 1541 6.
325 1504 425 1538 124.ε
467 1503 506 1538 ἔκ
530 1517 569 1546 γε
594 1500 640 1538 ἂν
664 1503 825 1538 τουτέων
850 1509 916 1539 etc.
949 1523 993 1528 —
1029 1505 1108 1539 339.
1143 1503 1263 1540 καλοὶ
1300 1506 1383 1540 καὶ
1417 1504 1508 1549 ὕψι
1540 1506 1701 1552 βιβάς.

44 1549 246 1594 Berglerus:
267 1550 411 1594 pulchre
434 1562 476 1583 ac
501 1551 571 1589 alte
594 1550 788 1583 ascendens.
815 1561 879 1582 non
904 1550 1016 1594 potuit
1042 1551 1206 1595 putidius.
1230 1550 1317 1584 imo:
1350 1559 1510 1595 venuste,
1547 1556 1703 1598 quamvis

45 1597 81 1629 ἰη
119 1597 290 1637 arduum,
327 1596 566 1640 progrediens,
606 1596 743 1637 (καλῶς
778 1594 905 1641 βιβοὶς,
945 1597 1077 1639 καίπερ
1102 1595 1554 1643 3w1.)decuit,Apollinem
1581 1610 1702 1633 ascen-

43 1652 102 1675 sus
127 1641 308 1681 Parnassi,
332 1651 405 1674 cum
430 1642 500 1675 alta
523 1647 684 1687 petentes
707 1642 782 1676 fere
806 1642 953 1686 gratiam
976 1643 1154 1689 amittant3
1178 1643 1275 1688 quasi
1294 1643 1409 1678 dicas:
1435 1645 1519 1684 hold
1537 1645 1627 1679 auch
1645 1646 1701 1682 die

44 1688 145 1721 Heme
167 1688 436 1722 hinanwallend.
1693 1689 1696 1693 ’

138 1755 186 1789 Η.
211 1756 247 1789 in
267 1756 475 1789 Mercurium
497 1757 554 1790 31.
578 1755 720 1789 ridicule
743 1755 948 1790 testudinem
982 1761 1080 1791 ornat
1104 1757 1268 1802 epithetis
1292 1758 1427 1803 puellae
1449 1759 1630 1793 formosae.
1654 1775 1700 1785 ·—-

43 1803 101 1838 52.
127 1801 291 1845 φέρων
314 1819 358 1825 -·
382 1802 541 1845 μέρος.
567 1802 617 1834 sic
642 1802 753 1835 solent
775 1802 984 1840 citharoedi,
1011 1803 1216 1848 ductumque
1243 1808 1295 1837 est
1319 1805 1430 1849 ipsum
1456 1816 1578 1838 nomen
1601 1803 1699 1848 φόρ-

42 1860 170 1892 μιγγος
192 1859 212 1880 a
240 1850 382 1891 φορεῖν.
408 1859 441 1881 v.
465 1859 541 1881 ann.
567 1847 611 1881 ad
637 1848 704 1881 Od.
729 1845 776 1888 α’,
801 1850 879 1883 155.
902 1869 950 1874 ——
970 1849 1026 1883 98.
1051 1861 1129 1882 ann.
1163 1849 1323 1884 addenda
1346 1850 1436 1894 virg.
1472 1856 1552 1894 post
1575 1851 1698 1885 vocab.

43 1895 232 1939 operarius.
255 1913 301 1918 —
327 1895 406 1928 106.
430 1894 488 1927 hic
514 1904 631 1927 versus
663 1894 862 1927 inserendus
894 1900 946 1927 est
982 1899 1060 1939 post
1090 1900 1300 1940 sequentem.
1324 1915 1366 1920 —
1393 1897 1471 1933 112.
1495 1896 1604 1930 malim
1640 1895 1698 1930 hic

42 1952 180 1984 quoque
203 1941 308 1983 κῆλα.
331 1958 376 1964 -
402 1941 479 1974 122.
507 1951 583 1972 ann.
608 1951 694 1974 scr.:
717 1940 784 1981 „IL
803 1937 851 1984 η’,
874 1942 978 1975 321.“
1005 1963 1049 1968 —
1075 1941 1152 1975 131.
1180 1939 1297 1985 ὀδμή
1322 1939 1406 1986 γάρ
1438 1954 1520 1984 μιν
1544 1941 1698 1983 ἔτειρε

42 2007 87 2012 ——
110 1986 133 2028 ἡ
148 1989 264 2021 δεῖα.
288 1985 442 2028 novimus
465 1985 599 2030 quidem
624 1986 746 2019 odores
769 1997 910 2027 suaves,
940 1986 1002 2020 sed
1026 1986 1244 2030 immodicos,
1277 1989 1402 2032 quibus
1424 1988 1576 2021 homines
1600 1988 1698 2021 affli-

41 2037 190 2076 guntur3
230 2043 348 2066 verum
371 2031 427 2065 hic
451 2039 545 2064 certe
570 2031 734 2065 abhorret
763 2042 832 2066 vox
857 2031 988 2074 ἔτειρε,
1026 2032 1183 2076 quoniam
1214 2034 1428 2078 appetivisse
1462 2045 1583 2067 carnes
1608 2033 1696 2067 dixit

13 2078 270 2117 ‚ss-Mercurium:
310 2089 420 2122 neque
459 2077 545 2110 enim
583 2077 734 2120 cupimus
771 2089 835 2120 ea,
882 2079 1003 2123 quibus
1041 2079 1157 2112 taedio
1193 2079 1375 2114 afficimur.
1417 2090 1499 2124 ergo
1532 2089 1697 2125 ponamus

42 2122 180 2171 ἐπῇρε,
203 2124 375 2158 incitavit.
401 2123 524 2157 similia
548 2122 710 2156 similibus
734 2123 937 2158 offecerunt.
963 2143 1005 2150 —
1034 2124 1111 2159 143.
1137 2121 1283 2167 ὁδοῦ,
1311 2126 1372 2160 des
1391 2125 1518 2170 W'egs:
1546 2136 1622 2160 nam
1644 2125 1696 2159 ita

43 2169 208 2205 Germani
256 2181 368 2215 uoque
392 2181 454 2214 pro
480 2181 535 2202 am
562 2170 672 2214 lVege
697 2169 770 2203 sive
794 2172 862 2213 auf
882 2172 957 2204 dem
982 2172 1104 2216 lVege.
1129 2189 1175 2197 —
1200 2171 1278 2207 148.
1302 2170 1389 2205 latet
1418 2170 1569 2215 aliquid,
1599 2171 1694 2216 quod

41 2225 111 2250 non
133 2216 220 2261 expe
245 2217 298 2256 io,
323 2214 388 2249 nisi
411 2216 503 2249 forte
534 2215 726 2260 rhapsodus
752 2215 839 2249 dixit
862 2216 964 2251 νειόν
989 2216 1127 2259 ἄντρου
1143 2242 1154 2259 ,
1186 2217 1310 2251 novale
1333 2217 1447 2255 antri,
1481 2217 1515 2250 h.
1539 2229 1571 2250 e.
1593 2221 1694 2251 antro

41 2261 234 2306 subiacens.
259 2267 441 2306 praeterea
464 2260 548 2294 ordo
573 2261 691 2295 horum
714 2273 870 2295 versuum
895 2264 1051 2296 turbatus
1075 2267 1147 2304 est,
1181 2275 1266 2308 quos
1289 2262 1340 2296 ita
1363 2262 1567 2296 ordinandos
1590 2266 1693 2309 puto:

43 2307 129 2349 145,
152 2307 218 2344 148
238 2307 312 2352 (ubi
338 2306 379 2342 δὲ
402 2309 660 2351 expungendum
685 2308 783 2351 est),
809 2309 885 2344 146.
911 2309 1052 2350 (scriba
1076 2311 1180 2352 δοχμ.
1205 2308 1246 2344 δὲ
1269 2308 1333 2343 διὰ
1356 2306 1516 2353 μεγάρου
1541 2311 1594 2343 ul..
1620 2307 1693 2351 ἔδ.)

43 2354 133 2396 147,
159 2353 235 2389 149.
265 2353 395 2398 alioqui
420 2353 528 2389 Merc.
554 2352 687 2387 domum
710 2354 852 2387 intrabit
875 2354 969 2398 prius
995 2367 1091 2400 quam
1117 2355 1160 2388 ad
1194 2361 1325 2389 antrum
1343 2355 1528 2400 pervenit,
1563 2355 1598 2388 in
1624 2366 1691 2398 quo

43 2398 162 2432 domus
181 2403 353 2439 exstructa
376 2399 453 2435 fuit.
477 2420 523 2425 —-
549 2400 626 2434 188.
649 2398 898 2435 κνώδαλον
921 2412 1008 2434 nunc
1030 2400 1240 2445 interpreter
1258 2399 1463 2442 κνώσαλον,
1488 2412 1509 2434 a
1527 2398 1692 2440 κνώσσω,

43 2445 285 2485 dormientem,
308 2446 341 2478 h.
366 2458 396 2479 e.
423 2445 665 2479 somnolentum
690 2457 711 2479 a
733 2457 855 2479 causa:
896 2446 1097 2480 somnolenti
1132 2448 1219 2480 enim
1244 2452 1322 2480 sunt
1345 2458 1463 2488 seues;
1495 2447 1551 2479 vel
1584 2445 1693 2480 κινεό-

0 2493 1 2507 ¹
42 2491 176 2531 δαλον,
214 2490 422 2534 κινητικὸν,
461 2492 662 2531 motorium,
702 2491 867 2533 alacrem,
906 2492 1118 2526 laboriosum.
1173 2492 1389 2537 Apollonius:
1429 2490 1632 2526 κνώδαλον.
1669 2488 1688 2525 ὁ

40 2533 193 2577 Ἀπίων,
216 2538 354 2580 θηρίον
376 2535 594 2577 θαλάσσιον,
619 2535 692 2572 α’πό
721 2539 789 2571 τοῦ
813 2535 852 2572 ἓν
876 2535 935 2571 ἁλὶ
959 2539 1226 2573 κινεῖσθαι.
1251 2539 1342 2582 quod
1364 2537 1404 2572 τὸ
1429 2534 1494 2577 ἃλς
1514 2538 1691 2577 admiscet,

41 2581 193 2624 fallitur,
219 2593 282 2615 nec
304 2583 395 2616 aliud
417 2589 470 2617 est
494 2586 582 2622 αλος
604 2582 669 2616 nisi
692 2582 885 2617 terminatio
909 2583 1100 2626 analogica.
1137 2586 1159 2618 δ
1191 2588 1227 2617 et
1260 2596 1281 2618 σ
1312 2583 1497 2626 permutari
1530 2583 1620 2617 inter
1651 2594 1691 2616 se

41 2629 171 2667 solere,
193 2628 306 2661 sciunt
329 2629 390 2662 filii
414 2628 746 2666 Grammaticorum
776 2629 922 2673 fierique
945 2634 1081 2673 potest,
1111 2636 1151 2663 ut
1174 2630 1363 2673 rhapsodus
1397 2629 1521 2662 dixerit
1549 2627 1691 2663 κνώσα-

42 2677 114 2714 λος.
148 2673 238 2718 quod
270 2679 442 2718 utcunque
471 2686 509 2708 se
533 2675 656 2716 habet,
693 2674 806 2707 rarior
840 2675 924 2708 llaec
948 2686 1014 2707 vox
1037 2682 1091 2709 est
1124 2687 1222 2720 quam
1258 2686 1346 2719 quae
1369 2674 1545 2707 damnetur
1577 2674 1691 2719 potius

42 2731 140 2762 quam
165 2719 380 2762 exploretur,
407 2720 605 2764 praesertim
630 2719 720 2764 apud
745 2722 879 2763 poetam
903 2726 1052 2754 veterem
1069 2721 1272 2764 minimeque
1294 2720 1580 2761 contemnendum,
1607 2731 1691 2764 qua-

42 2764 84 2797 lis
106 2765 163 2798 hic
186 2769 250 2799 est.
277 2785 319 2789 -
344 2764 425 2800 294.
449 2777 516 2799 scr.
543 2764 621 2800 σύν.
647 2785 690 2790 —
715 2763 794 2800 473.
815 2766 902 2800 imo:
926 2785 972 2791 -
993 2763 1082 2801 τάδ’
1106 2765 1275 2810 εὐφυέων
1300 2767 1399 2808 δεδ.,
1424 2766 1509 2798 haec
1529 2777 1552 2797 a
1569 2766 1690 2808 peritis

43 2811 160 2846 didici.
184 2810 346 2844 mentitur
370 2823 431 2844 suo
457 2823 557 2844 more.
583 2817 734 2845 ceterum
761 2823 800 2846 ευ
825 2818 861 2846 et
885 2825 927 2853 α,
949 2825 973 2846 v
998 2818 1033 2846 et
1056 2826 1090 2853 ν,
1114 2813 1262 2861 denique
1286 2826 1314 2846 ω
1340 2817 1375 2845 et
1399 2823 1446 2850 ιο,
1469 2809 1592 2844 similia
1614 2822 1690 2844 esse

42 2854 76 2887 in
101 2856 199 2891 codd.
225 2857 300 2901 quis
324 2857 462 2891 nescit?
484 2875 530 2881 —
551 2858 631 2891 518.
659 2853 756 2891 ἀλλ’
783 2857 832 2892 εἴ
849 2870 929 2901 μοι
952 2879 997 2884 —
1022 2856 1205 2902 ἔρθειν.
1239 2857 1349 2891 intell.
1381 2858 1500 2896 καλῶς
1531 2854 1614 2899 ἔχει.
1643 2876 1687 2881 —-

43 2901 122 2936 519.
145 2902 253 2936 malim
279 2915 387 2936 nunc:
412 2903 623 2946 κακκεφαλῇ
648 2902 780 2943 νεύσας
803 2902 850 2939 ἄν
865 2928 875 2945 ,
899 2902 958 2939 ἐπὶ
982 2908 1046 2938 etc.
1070 2926 1117 2931 --
1138 2906 1218 2940 526.
1244 2902 1290 2937 ἐν
1325 2904 1347 2937 δ
1362 2902 1396 2944 ὲ,
1429 2907 1689 2947 praetereaque.

45 2945 154 2982 aliena
177 2949 304 2983 tmesis.
330 2969 367 2974 —
393 2950 473 2986 531.
499 2948 716 2984 verisimilius
739 2954 814 2992 est,
846 2953 977 2995 poetam
1002 2951 1148 2985 dixisse:
1180 2946 1295 2984 πάντ’
1330 2945 1379 2985 ἂν
1411 2947 1468 2984 ἐπ.
1499 2947 1602 2989 θοῶς
1633 2946 1689 2983 ἐπ.
