1821 3288
744 104 1140 147 ΟΜΗΡΟΥ

277 211 469 286 εἰπέμεν·
499 211 585 270 ἤδη
613 211 698 269 γάρ
727 214 773 258 οἱ
800 212 1064 257 ἐεικοστόν’
1050 212 1146 264 ε’τος
1174 211 1303 266 ἐστὶν,

277 270 321 322 ἐξ
351 266 407 314 οὗ
434 274 583 314 κεῖθεν
613 272 706 326 ἔβη,
733 270 807 314 καὶ
834 270 938 325 ἐμῆς
967 269 1213 338 ἀπελήλυθε
1235 268 1419 340 πάτρης.

278 325 388 370 ἀλλά
416 327 491 370 καὶ
520 325 579 378 ὥς
607 328 728 396 ἐρέιω,
760 326 819 376 ω’ς
849 342 925 380 μοι
952 324 1196 370 ἰνδάλλεται
1224 321 1347 381 ἦτορ.

163 387 245 430 225
274 387 457 440 χλαῖναν
483 384 741 438 πορφυρέην
771 382 909 451 οὔλην
940 381 1006 438 ε’χε
1038 385 1132 434 δῖος
1158 381 1408 435 Ὀδυσσεύς,

277 443 456 493 διπλῆν·
488 439 628 494 αὐτάρ
658 441 700 483 οἰ
729 437 894 508 περόνη
922 444 1103 493 χρυσοῖο
1133 440 1312 482 τέτυκτο

281 495 483 540 αὐλοῖσιν
502 496 746 564 διδύμοισι.
776 493 963 547 πάροιθε
996 495 1042 539 δε
1072 497 1279 539 δαίδαλον
1307 490 1410 548 ἦεν·

276 569 325 596 εν
353 553 603 607 προτέροισι
631 552 810 596 πόδεσσι
839 550 961 594 κύων
993 551 1058 606 ε’χε
1085 553 1286 594 ποικίλον
1314 549 1456 601 ἐλλόν,

277 608 551 664 ἀσπαίροντα
580 608 708 651 λάων.
738 607 788 651 τό
820 607 867 651 δὲ
888 607 1200 676 θαυμάζεσκον
1229 607 1430 658 ἅπαντες,

163 672 248 712 230
281 665 341 716 ὥς
375 683 418 709 οι
446 665 623 735 χρύσεοι
651 664 773 715 ὅντες
803 664 827 708 6
854 663 934 734 μὲν
963 663 1039 707 λάε
1067 663 1230 730 νεβρον
1257 662 1481 719 ἀπάγχων,

277 721 418 774 αὐτάρ
447 722 470 764 ὁ
501 721 727 793 ἐκφυγέειν
756 720 929 776 μεμαώς
956 720 1143 793 ἤσπαιρε
1172 719 1366 763 πόδεσσι.

277 778 355 822 τὸν
384 777 430 821 δὲ
458 777 609 833 χιτῶν’
615 777 801 847 ἐνόησα
824 779 945 847 περὶ
955 779 1056 833 χροὶ·
1083 775 1355 831 σιγαλόεντα,

282 832 381 878 οἶόν
409 849 454 878 τε
481 833 696 907 κρομύοιο
726 833 863 878 λοπὸν
891 833 1001 877 κάτα
1032 834 1265 904 ἰσχαλέοιο,

270 891 356 942 τεὸς
384 890 464 946 μὲν
492 891 569 947 εἠν
597 890 809 963 μαλακός·
838 891 1032 944 λαμπρὸς
1063 889 1106 934 δ’
1138 893 1204 946 ἡν,
1233 888 1377 946 ἠέλιος
1406 901 1492 939 ως·

162 951 247 995 235
277 966 304 1003 η
336 964 416 1003 μεν
449 952 608 991 πολλαί
637 946 681 1003 γ’
713 947 848 992 αὐτὸν
865 948 1128 1019 ἐθηησαντο
1156 950 1374 1016 γυναῖκες.

275 989 384 1048 ἄλλο
414 1001 461 1047 δέ
489 1021 558 1047 τοι
587 1004 708 1059 ἐρέω,
745 1017 799 1048 συ
830 1002 875 1048 δ’
909 1004 973 1048 ἐνὶ
1003 1003 1140 1076 ‹1293625
1162 1002 1317 1074 βάλλεο
1349 1006 1496 1057 σῇσιν·

276 1059 358 1105 οὐκ
389 1059 489 1112 οἷδ’,
519 1063 556 1104 εἰ
584 1061 687 1105 τάδε
716 1061 814 1105 ἕστο
850 1061 949 1113 περὶ
977 1077 1075 1115 χροι
1105 1058 1254 1103 οἴκοθ’
1282 1057 1532 1113 Ὀδυσσεύς,

272 1118 302 1173 ἥ
327 1134 392 1169 τις
421 1117 603 1172 ἑταίρων
634 1120 745 1161 δῶκε
773 1121 884 1173 θοῆς
912 1117 981 1160 ἐπὶ
1010 1116 1117 1172 νηός
1147 1117 1272 1166 ἰόντι,

275 1174 305 1230 ἤ
333 1177 397 1225 τίς
425 1189 514 1217 που
543 1175 616 1218 καὶ
646 1178 797 1226 ξεῖνος,
829 1174 918 1217 ἐπεὶ
946 1177 1174 1216 πολλοῖσιν
1199 1170 1439 1223 Ὀδυσσεὺς

162 1234 253 1278 240
283 1231 380 1276 ἔσκε
413 1232 562 1287 φίλος·
592 1234 757 1287 παῦροι
784 1229 870 1287 γὰρ
897 1228 1080 1286 Ἀχαιῶν
1106 1224 1221 1284 ἦσαν
1252 1226 1413 1284 ὁμοῖοι.

106 1410 190 1448 καὶ
213 1408 281 1454 ὥς.
314 1412 392 1447 162.
425 1411 467 1446 A.
490 1411 523 1446 2.
557 1414 593 1446 et
615 1411 667 1446 3.
701 1408 822 1454 αὐτάρ
852 1423 913 1447 τοι

107 1457 216 1501 ἐρέω,
249 1469 340 1503 quae
362 1459 610 1514 διττογραφία
634 1457 762 1502 placuit
784 1458 913 1491 Altero.

106 1505 182 1539 Ald.
207 1505 262 1539 3=
289 1518 325 1538 α.
342 1502 443 1559 ἐγών
467 1504 567 1560 ε’ρέω.
613 1504 669 1538 Ε·
694 1502 913 1539 ἰνδάλλε-

107 1564 193 1586 ται.
227 1549 463 1608 φαντάζεται,
487 1547 840 1586 ἀνειδωλοποιεῖται.
876 1546 913 1584 ἅ-

106 1610 188 1652 περ
207 1597 309 1632 εἴποι
338 1609 386 1632 αν
419 1594 438 1632 6
472 1597 655 1640 δυσχερῶς
685 1595 914 1641 μεμνημένος

105 1641 219 1684 τινός.
242 1663 289 1669 -
314 1641 483 1687 οὔλην,
518 1644 708 1685 διπλῆν,
743 1644 914 1684 villosam,

107 1691 287 1747 duplicem.
312 1688 359 1732 δ’,
383 1691 429 1725 50
453 1695 521 1722 etc.
556 1689 597 1723 11.
622 1688 665 1730 κ’,
692 1689 791 1724 133.·
818 1687 916 1733 ἀμφὶ

108 1734 150 1771 δ’
174 1734 248 1780 ἄρα
271 1738 424 1780 χλαῖναν
449 1734 680 1791 περονήσατο
706 1735 916 1779 φοινικόεσ-

107 1794 190 1824 σαν,
215 1783 372 1837 Διπλῆν,
395 1780 578 1825 ἐκταδίην,
610 1779 702 1826 οὔλη
726 1780 765 1816 δ’
789 1780 917 1825 ἐπενή-

108 1831 202 1864 νοθε
225 1827 354 1873 λάχνη.
378 1840 412 1862 v,
437 1833 473 1862 et
496 1827 545 1860 ibi
568 1839 659 1870 ann„
685 1833 721 1861 et
744 1828 789 1861 ad
808 1828 847 1865 ΙΙ.
870 1841 916 1872 γ,

110 1877 199 1916 126,
231 1875 311 1909 item
341 1875 487 1930 inferiuf
511 1873 591 1909 246.
640 1874 689 1907 E:
721 1873 764 1908 τὸ
790 1872 831 1909 δὲ
856 1875 916 1909 δι-

108 1921 227 1957 πλοῦν
250 1919 385 1977 αὐτῆς
390 1933 422 1954 κ.
456 1917 479 1964 ἡ
502 1921 570 1963 μία
593 1918 731 1977 περόνη
752 1921 918 1976 μανδυο-

110 1968 191 2012 ειδῆ
217 1965 333 2014 αὐτὴν
349 1964 445 2002 εἶναι
462 1967 581 2011 δηλοῖ,
605 1965 652 2001 οὐ
674 1965 794 2012 κύκλῳ
818 1963 917 2010 ἀμπ-

110 2015 284 2059 έχουσαν,
336 2011 426 2048 ἀλλα
466 2012 717 2056 διπλουμένην
768 2013 918 2070 (umge-

110 2061 301 2117 schlagen)
326 2072 421 2095 κατα
450 2058 493 2094 τὸ
528 2057 739 2114 ἔμπροσθεν
769 2073 802 2093 κ.
833 2056 918 2094 ὄπι-

111 2110 204 2142 σθεν
227 2106 291 2142 διὰ
314 2107 390 2140 τῶν
420 2102 644 2149 ἀριστερῶν,
679 2102 854 2146 ἀφιεῖσαν
879 2102 919 2140 δε

112 2152 225 2189 ἄνετα
247 2151 295 2188 τὰ
320 2150 436 2195 δεξιά.
461 2152 513 2195 (v.
532 2163 610 2188 ann.
636 2151 679 2185 ad
697 2151 737 2184 11.
759 2149 804 2197 β’,
822 2151 917 2194 183.)

111 2220 156 2225 -
182 2197 326 2235 αυλοὶ
350 2197 409 2239 δὲ,
435 2197 569 2253 φασὶν,
591 2197 760 2233 ἐνταῦθα
783 2196 920 2252 ῥαβδο-

113 2247 224 2287 ειδεῖς
246 2257 341 2286 τινες
375 2242 572 2303 ἀνατάσεις
597 2242 769 2284 εὐθεῖαι,
794 2245 845 2283 εἰς
875 2238 920 2282 οὲς

112 2293 390 2328 κατακλείονται
413 2305 453 2325 αι
476 2288 653 2332 περόναι,
678 2304 720 2331 ας
744 2288 809 2325 διὰ
832 2289 921 2324 τοῦ·

113 2352 155 2374 το
169 2339 230 2374 καὶ
252 2337 456 2382 κληῖδας
483 2334 822 2381 εὔγνάμπτονς
847 2334 919 2380 ε’φη

114 2385 186 2429 πρὸ
217 2385 352 2429 μικροῦ
385 2383 458 2428 (σ’,
486 2384 584 2426 293).
613 2402 659 2408 —-
688 2384 922 2423 ποικίλον,

114 2432 348 2477 variegatam,
362 2429 578 2464 maculosum.
603 2428 727 2463 Voss.·
752 2429 823 2462 und
838 2440 922 2461 υοτπ

115 2489 190 2511 war
225 2477 447 2522 prangendes
492 2476 692 2510 stickwerk·
746 2475 924 2510 Zwischen

116 2525 184 2557 den
206 2523 457 2557 vorderlclauen
481 2522 541 2555 des
563 2521 645 2554 wild
669 2521 921 2555 austun-endem

117 2569 249 2604 hundes
278 2567 446 2613 Zappelt'
482 2568 539 2601 ein
562 2567 731 2613 fleckiges
760 2567 921 2601 rehcheu.

117 2615 205 2649 idem
230 2616 340 2658 Myth.
365 2614 503 2649 Forsch.
536 2625 570 2658 p.
593 2614 689 2648 295:
727 2613 922 2654 „Stickar-

117 2661 191 2695 beit
222 2672 298 2695 war
328 2660 454 2705 gewiss
486 2660 618 2693 Aarons
651 2658 778 2692 Gfirtel
809 2659 922 2696 Exod.

117 2708 176 2748 28,
199 2708 256 2742 39.
279 2725 326 2731 -
349 2706 399 2740 Es
423 2706 505 2739 dats
524 2705 620 2739 nicht
643 2705 817 2747 aussafflzn,
842 2705 922 2738 dass

118 2763 181 2797 das
193 2764 297 2797 Wort
320 2763 433 2809 ΕΓἻ,
457 2763 552 2804 bunt,
575 2761 659 2796 oder
681 2762 833 2805 vielfach
856 2773 923 2796 ma-

119 2810 226 2851 chen,
249 2809 317 2843 wie
339 2778 561 2852 πόικίλλειν,
595 2808 683 2842 auch
707 2807 762 2842 die
785 2807 924 2841 Beden-

120 2859 206 2899 tuug
229 2856 424 2890 kunstreich
446 2855 562 2889 bilden
595 2854 760 2895 annahm,
799 2853 923 2887 Psalm.

121 2902 445 2941 139‚15.Bunt
476 2901 626 2935 wirkten
660 2899 746 2933 auch
778 2899 925 2933 Homers

122 2946 325 2990 Hcldinuen,
349 2946 390 2982 11.
412 2948 469 2988 22,
492 2946 583 2989 4413
613 2945 696 2982 aber
719 2945 782 2981 des
806 2945 925 2990 Odys-

957 1420 1036 1446 seus
1060 1408 1340 1455 Purpumantel,
1363 1418 1450 1442 vorn
1475 1407 1535 1443 mit
1558 1408 1765 1444 Lebensbil-

959 1457 1096 1500 dungen
1119 1467 1186 1490 von
1207 1454 1418 1495 Goldfaden,
1443 1466 1518 1489 war
1541 1455 1629 1489 doch
1653 1457 1769 1493 wahr-

957 1502 1144 1537 scheinlich
1162 1502 1325 1545 gestickt,
1346 1501 1444 1543 Odys
1429 1511 1473 1534 s.
1493 1502 1548 1542 19,
1566 1502 1672 1536 228-
1681 1504 1769 1544 2313

959 1548 1073 1583 sicher
1113 1559 1187 1581 war
1221 1559 1259 1581 es
1295 1548 1357 1581 der
1389 1546 1610 1592 buntfarbige
1643 1549 1771 1583 Gurtel

959 1594 1200 1635 derAfrodite,
1223 1592 1331 1633 11.14,
1353 1593 1562 1627 214—217“
1581 1605 1614 1627 u.
1630 1605 1660 1627 s.
1677 1606 1770 1630 w.—

960 1639 1105 1681 λάων,
1130 1640 1276 1680 intuens,
1302 1651 1322 1673 a
1346 1639 1451 1672 verbo
1476 1639 1629 1674 obsoleto
1652 1639 1767 1684 λαέιν,

960 1687 1102 1725 videre,
1126 1686 1215 1719 unde
1238 1683 1304 1727 ὀξὺ
1330 1683 1430 1719 λάων
1453 1684 1576 1742 hymno
1601 1685 1636 1719 in
1659 1688 1768 1723 Mero.

961 1734 1041 1768 360.
1089 1732 1191 1765 Sch.:
1222 1731 1363 1766 λάων.
1396 1728 1416 1766 ὁ
1451 1732 1518 1774 μὲν
1531 1729 1770 1791 Ἀρίσταρχος

962 1776 1187 1819 ἀπολαύων,
1223 1775 1499 1818 ἀπολαυστικῶς
1527 1790 1642 1822 εχων·
1676 1779 1697 1816 6
1726 1780 1771 1818 δὲ

963 1823 1128 1878 Κράτης
1133 1821 1272 1866 λάων,
1297 1823 1425 1878 φησιν,
1450 1822 1557 1860 ἀντὶ
1574 1827 1658 1861 τοῦ
1665 1827 1772 1886 βλέ-

962 1883 1077 1926 πων,
1107 1865 1228 1905 ὅθεν
1260 1868 1381 1905 κατὰ
1401 1867 1628 1923 στέρησιν
1651 1871 1770 1916 ἀλαὸς

963 1913 984 1953 ὁ
1011 1915 1151 1960 τυφλὸς
1173 1921 1238 1950 etc.
1276 1915 1430 1951 Cratetis
1441 1915 1770 1970 interpretationem

963 1963 1085 1998 merito
1105 1963 1251 2018 probat.
1258 1963 1322 2008 Ap.
1347 1974 1381 1996 v.
1404 1959 1523 2005 λάων,
1555 1965 1616 1998 sed
1643 1978 1773 2023 perpe-

963 2020 1035 2043 ram
1080 2007 1167 2042 dicit.
1208 2005 1276 2065 τὴν
1327 2006 1773 2066 ἐντετορνευμένην

962 2053 1114 2098 πόρπην
1137 2053 1205 2089 τοῦ
1232 2051 1439 2095 Ὀδυσσέος.
1460 2074 1504 2080 —-
1530 2053 1769 2115 ἀπάγχων,

963 2104 1153 2157 suffocans,
1178 2112 1314 2144 αγχειν,
1323 2112 1465 2145 angere,
1480 2100 1646 2148 dixit11.y
1658 2107 1769 2147 ,371.

964 2167 1008 2173 —
1028 2158 1243 2192 ησπαιρε,
1265 2148 1476 2202 palpitabat.
1501 2148 1543 2192 χ’,
1561 2117 1646 2193 473,
1666 2151 1706 2186 11.
1725 2150 1772 2195 ν’,

964 2194 1052 2235 571,
1085 2194 1166 2229 573.
1200 2211 1245 2217 -
1293 2192 1594 2238 σιγαλόεντα.
1629 2195 1676 2240 ζ,
1709 2199 1769 2234 26.

965 2258 1010 2263 -
1037 2251 1292 2283 κρομυοιο,
1324 2251 1438 2284 cepae.
1461 2239 1512 2276 11.
1544 2241 1587 2283 λ’,
1612 2245 1692 2279 630.
1739 2245 1771 2279 Ε

965 2287 1116 2320 emend-2
1151 2298 1373 2329 κρομυ-ου
1406 2284 1447 2321 δε
1478 2288 1629 2330 λοπὸς
1662 2288 1773 2326 λέπτ-

965 2343 1033 2375 ρον
1057 2330 1253 2388 (tunicam),
1275 2345 1378 2376 παρα
1399 2330 1441 2368 τό
1467 2332 1580 2369 λε’πω·
1604 2335 1668 2371 καὶ
1683 2349 1775 2374 τον-

967 2390 1033 2411 :ov
1062 2375 1108 2413 οὐ
1132 2378 1290 2421 χλωροῦ,
1313 2376 1432 2422 παχὺς
1456 2381 1525 2424 γάρ
1550 2378 1570 2417 6
1588 2383 1771 2426 τοιοῦτος,

967 2420 1060 2458 ἀλλά
1084 2424 1254 2480 ἰσχαλέου
1279 2424 1415 2470 (aridi).
1440 2428 1552 2462 τοῦτο
1581 2427 1635 2470 δε,
1663 2431 1771 2472 φασι,

966 2468 1059 2513 πρὸς
1082 2470 1124 2505 τὸ
1139 2468 1293 2505 εὔτονον
1310 2469 1449 2516 ἐρ’ρέθη
1467 2473 1551 2514 (imo
1572 2486 1592 2508 a
1610 2475 1771 2510 mollitie:

966 2516 1039 2557 ταὶς
1062 2528 1138 2572 μεν
1153 2514 1216 2561 εἠν
1249 2518 1470 2560 μαλακός.
1480 2518 1495 2562 )
1523 2521 1592 2555 τοῦ
1616 2523 1773 2566 χιτῶνος

966 2576 999 2598 κ.
1036 2560 1161 2619 ἰσχνόν
1186 2563 1443 2622 (ίῑε,ῐιιιίῑειῐιιιιι)ι
1476 2563 1496 2600 6
1531 2579 1604 2611 γαρ
1636 2567 1776 2613 χλωρὸς

967 2609 1082 2650 λοπὸς
1106 2606 1176 2645 οὐκ
1200 2606 1361 2650 εὐτόνως
1385 2609 1466 2655 ἔχει.
1495 2611 1626 2656 (Sch.:
1649 2633 1696 2639 -
1719 2614 1773 2650 εἴ·

968 2668 1079 2711 ρηται
1112 2653 1153 2691 δε
1184 2654 1277 2711 πρός
1310 2654 1353 2691 τὸ
1385 2656 1514 2701 ἰσχνὸν
1547 2672 1582 2694 κ.
1608 2672 1771 2701 εντονον,

967 2714 1073 2758 παρα
1093 2701 1159 2737 τὸν
1180 2698 1300 2745 υμένα
1323 2703 1392 2738 τοῦ
1412 2705 1661 2759 λεπίσματος.)
1686 2706 1774 2742 ἰστέ-

969 2761 1013 2784 ον
1038 2746 1092 2790 δὲ,
1116 2744 1175 2784 ὅτι
1196 2747 1238 2783 td
1263 2747 1381 2792 ρηθὲν
1402 2748 1572 2808 λε’πυρον
1583 2751 1646 2787 καὶ
1667 2751 1775 2788 λεπύ-

968 2792 1084 2840 χανόν
1115 2805 1231 2838 φασιν
1262 2793 1445 2840 εὑρῆσθαι
1475 2794 1578 2854 παρὰ
1601 2798 1774 2843 Θεοπόμ-
1800 2800 1811 2826 Γ

969 2854 1027 2886 πῳ
1052 2841 1102 2886 τῷ
1125 2843 1300 2900 Κωμικῷ,
1323 2841 1468 2877 εἰπόντι
1489 2841 1540 2884 ὥς
1563 2842 1602 2878 ἐκ
1625 2844 1772 2900 προσιό-

969 2899 1044 2922 που
1068 2887 1139 2922 τοῦ
1163 2877 1374 2930 Ὀδυσσέως
1395 2886 1457 2932 τὸ,
1488 2891 1668 2933 χιτῶνά
1688 2904 1775 2950 μοι

972 2932 1130 2981 φέρων
1163 2934 1375 2978 δέδωκας
1407 2935 1664 2981 δαίδαλον,
1699 2935 1775 2976 Ον
