1821 3288
119 107 206 166 τεο

520 104 562 142 2.
617 101 789 144 ΕΙΣ
840 99 1379 142 ΛΠΟΔΛῼΝΑ

291 215 458 255 κτεῖνεν
488 210 618 264 ἅναξ,
646 209 757 261 Διὸς
785 208 908 260 υἱὸς,
940 207 1025 252 cin&
1056 215 1287 265 κρατεροῖο
1316 213 1457 282 βιοῖο,

183 271 262 314 125
295 267 523 323 ζατρεφέα,
553 269 762 323 μεγάλην,
794 268 921 319 τέρας
950 265 1128 320 ἄγριον,
1157 266 1187 320 ἢ
1215 268 1327 312 κακοὶ
1357 266 1498 312 πολλοὶ

295 324 564 378 ἀνθρώπους
596 327 794 379 ἔρδεσκεν
826 323 894 365 ἐπὶ
924 323 1074 377 χθονὶ,
1104 325 1244 367 πολλὰ
1272 326 1350 380 μὲν
1382 324 1567 374 αὐτούς,

293 382 433 425 πολλὰ
462 382 507 425 δε
538 386 652 436 μῆλα
682 378 939 429 ταναύποδ’
971 380 1058 422 ἐπεὶ
1087 381 1187 448 πέλε
1217 386 1339 437 πῆμα
1369 380 1597 436 δαφοινόν.

293 440 368 482 καί
397 454 502 481 ποτε
533 437 740 492 δεξαμένη
770 435 1082 491 χρυσοθρόνου
1113 437 1291 505 ἔτρεφεν
1309 438 1448 494 Ήρης

293 495 442 539 δεινόν
473 494 526 544 τ’,
558 494 772 546 ἀργαλέον
801 509 869 543 τε,
903 492 1135 546 Τυφάονα,
1167 499 1286 550 πῆμα
1318 497 1565 551 βροτοῖσιν,

181 557 263 599 130
293 552 346 596 ὅν
376 549 474 594 ποτ’
508 550 578 605 α’ρ’
600 551 717 604 Ἥρη
747 551 881 601 τίκτε,
911 549 1187 605 χολωσαμένη
1217 552 1298 593 Λιϊ
1328 552 1478 619 πατρὶ,

295 607 415 680 ᾑνίκ’
445 608 532 659 ἄρα
563 609 786 661 Κρονίδης
818 606 1019 659 ἐρικυδέα
1054 606 1216 660 γείνατ’
1244 607 1434 662 ’Λθήνην

643 663 670 734 ή
707 664 750 706 δ
783 661 892 713 αἶψα
920 662 1137 732 χολώσατο
1169 664 1325 707 πότνια
1342 663 1481 721 Ήρη,

291 721 368 779 ἠδὲ
397 722 471 764 καὶ
502 719 785 775 ἀγρομένοισι
814 717 907 789 μετ’
940 719 1228 765 αθανάτοισιν
1259 722 1391 764 ἔειπε·

373 778 600 850 ,ζΚέκλυτέ
630 793 733 830 μευ,
765 776 922 827 πάντες
950 793 995 820 τε
1024 778 1144 829 θεοὶ,
1175 780 1312 821 πᾶσαί
1340 794 1384 821 τε
1412 777 1611 832 θέαιναι,

187 837 266 880 135
298 833 355 885 ὥς
381 833 456 888 ἔμ’
486 833 706 905 ἀτιμάζειν
735 833 854 889 ἄρχει
882 836 1195 889 νεφεληγερέτα
1226 835 1374 884 Ζεύς

296 895 494 944 πρῶτος,
527 891 617 934 ἐπεί
647 889 691 946 μ’
726 890 895 961 ἄλοχον
919 890 1130 946 ποιήσατο
1160 891 1278 936 κέδν’
1310 892 1504 944 εἰδυῖαν,

292 666 341 708 ἐκ
369 681 585 733 κορυφης.

296 949 370 991 καὶ
398 950 485 990 νῦν
513 948 678 1002 νόσφιν
708 948 823 1002 έμεῖο
853 946 945 990 τέκε
973 954 1227 1002 γλαυκῶπιν
1254 947 1471 1004 Ἀθήνην,

295 1003 324 1060 ἢ
353 1009 488 1048 πᾶσιν
517 1005 763 1073 μακάρεσσι
784 1004 1043 1059 μεταπρέπει
1072 1005 1382 1049 άθαιοὶτοισιν·

572 1059 789 1116 ἠπεδανὸς
816 1062 995 1116 γέγονεν
1024 1063 1128 1116 μετὰ
1159 1067 1264 1105 πᾶσι
1295 1066 1463 1113 θεοῖσι,

187 1119 267 1162 140
298 1123 401 1167 παῖς
429 1118 531 1172 έμός
548 1118 817 1187 Ἥφαιστος,
844 1118 994 1171 ῥικνὸς
1022 1121 1186 1170 πόδας,
1219 1119 1272 1162 ὃν
1301 1119 1421 1169 τέκος
1452 1115 1564 1188 αὐτὴ

303 1174 397 1228 ῥῖψ’
429 1175 513 1217 ἀνα
545 1175 690 1228 χερσὶν
720 1174 900 1227 ἑλοῦσα,
932 1174 1006 1216 καὶ
1036 1175 1226 1246 ἔμβαλον
1261 1175 1380 1227 εὐρέϊ
1405 1174 1577 1233 πόντῳ,

300 1230 410 1274 ἄλλα
444 1230 464 1273 ἓ
492 1234 674 1286 Νηρῆος
702 1231 918 1288 θυγάτηρ,
953 1231 1073 1282 Θέτις
1103 1231 1405 1288 ἀργυρόπεζα,

298 1287 471 1339 δέξατο,
500 1289 574 1330 καὶ
603 1304 708 1341 μετα
736 1288 811 1342 ᾑσι
840 1287 1124 1344 κασιγνήτῃσι
1152 1289 1372 1343 κόμισσεν

297 1344 357 1394 ὠς
388 1342 513 1398 ὄφελ’
547 1343 651 1387 α’λλο
681 1349 826 1387 θεοῖσι
855 1347 1106 1399 χαρίζεσθαι,
1136 1345 1399 1400 μακαρεσσι’

187 1402 269 1446 145
299 1400 480 1456 σχέτλιε,
511 1405 821 1462 ποικιλομῆτα,
846 1403 887 1444 τί
916 1405 999 1443 νῦν
1031 1403 1091 1445 έτι
1121 1402 1276 1457 μήσεαι
1308 1401 1438 1453 ἄλλος

299 1462 393 1508 πῶς
423 1458 543 1512 ἔτλης
573 1463 667 1507 οἰος
696 1457 855 1500 τεκέειν
882 1458 1155 1512 γλαυκώπιδ’
1186 1458 1396 1531 Ἀθήνην,

306 1513 391 1557 οὐκ
422 1513 477 1556 ὀὶν
506 1513 589 1568 ἐγω
619 1512 829 1568 τεκόμην,
859 1514 934 1557 καὶ
964 1515 1016 1569 σὴ
1037 1517 1288 1586 κεκλημένη
1319 1516 1456 1586 ξ’ἔμπης

301 1566 360 1640 ἦν
388 1570 465 1625 αρ’
495 1570 542 1614 έν
571 1570 887 1622 ἀθανάτοισιν,
920 1574 963 1614 οι
993 1571 1192 1626 ου’ρανὸν
1222 1572 1358 1625 εὐρύν
1388 1571 1557 1625 ἔχουσι,

303 1627 405 1672 οὔτε
434 1626 516 1671 σὸν
547 1626 773 1683 αἰσχύνασ’
807 1627 925 1682 ἱερὸν
953 1629 1097 1686 λέχος,
1128 1628 1226 1673 οὔτ’
1259 1627 1366 1684 ἐμὸν
1396 1627 1556 1684 αὕτῆςς

298 1059 436 1114 αυτὰρ
468 1060 536 1129 ὅγ’

136 1775 262 1807 vocant
285 1766 485 1818 Δελφίνην.
515 1775 561 1808 cf.
575 1775 687 1819 Ηεξιι.
712 1773 755 1808 ad
780 1773 939 1820 Apollod.

137 1821 179 1862 1,
205 1822 238 1860 6,
262 1820 295 1854 3.
329 1840 372 1846 -—
406 1819 497 1855 and
532 1834 660 1862 κρατ.
695 1823 847 1877 βιοῖο,
882 1827 940 1854 ut:

134 1877 224 1905 τους
246 1879 314 1911 μεν
338 1865 519 1902 Ἀπόλλων
550 1868 689 1910 πέφνεν
726 1865 779 1901 cin
828 1865 942 1920 ἀργυ-

88 1912 89 1916 ’
136 1911 236 1956 ρέοιο
273 1914 395 1959 βιοῖο,
430 1914 470 1948 11
495 1911 546 1953 ω’,
580 1916 658 1949 605.
691 1932 737 1938 -
770 1910 941 1947 ταναύ-

135 1959 286 2002 ποδα,
320 1971 382 2004 pro
418 1958 658 2002 ταναύποδα,
698 1964 738 1992 ut
768 1957 942 2002 ταλαύρι-

137 2017 202 2045 νος
231 2004 272 2038 ΙΙ.
298 2005 338 2046 ε’,
370 2007 438 2041 289
470 2014 504 2041 et
534 2006 640 2047 alias,
676 2016 695 2038 a
726 2004 872 2045 ταλαός.
896 2024 942 2029 -

139 2052 235 2094 δαφ
247 2051 407 2092 οινόν,
443 2053 768 2097 sanguinolentum,
803 2057 842 2085 ut
865 2051 942 2085 He-

137 2096 223 2131 siod.
248 2097 347 2131 Scut.
374 2077 418 2131 H.
442 2100 521 2138 250,
547 2098 705 2141 Aes‹hy.l
732 2099 841 2131 Prom.
861 2099 943 2138 997,

139 2143 293 2198 (Ἃιοὲρὴ.
318 2145 410 2186 566;
438 2155 504 2178 non
529 2144 714 2188 sanguznei
738 2145 879 2183 coloris,
904 2148 944 2176 ut

138 2189 178 2222 ΙΙ.
204 2187 251 2234 β’,
292 2190 382 2232 308,
419 2188 462 2229 λ’,
499 2190 577 2224 474.
619 2208 664 2214 —
706 2169 943 2233 δεξαμένη

128 2233 275 2294 ἸἨρης
308 2247 369 2280 pro
393 2234 495 2277 παρὰ
521 2235 658 2279 ’Ἠρηςη
687 2241 726 2268 ut
752 2236 946 2279 δεξάμειοι

137 2279 255 2326 Ῥείης
281 2281 317 2314 ΙΙ.
346 2281 389 2324 5'‚
421 2283 501 2317 203.
534 2283 577 2316 de
614 2282 774 2326 Typhone
806 2294 840 2314 v.
876 2282 947 2314 He-

139 2327 227 2361 siod.
254 2328 381 2372 Theog
383 2329 486 2370 ‚820,
512 2328 666 2374 Apollod.
695 2329 728 2369 1,
752 2329 786 2369 6,
809 2328 944 2364 3etc.“

140 2374 197 2407 Ex
220 2375 291 2418 Hg.

190 2442 269 2476 130.
304 2440 385 2476 libri
409 2441 638 2476 deterioribus
661 2441 826 2476 numeris:
850 2438 949 2487 ‘'HQ‘q

144 2484 270 2522 ἔτικτε.
339 2493 344 2499 ’

191 2546 269 2581 131.
309 2544 359 2578 ita
384 2544 494 2578 Mose.
527 2545 650 2585 v2ulgo
684 2540 762 2580 εὖτ’
798 2558 870 2587 αρα
903 2543 951 2589 δὴ

145 2591 261 2634 Κρον
295 2591 425 2624 malim·
450 2588 560 2634 ἡνίκα
582 2589 627 2634 ὸή
646 2594 760 2634 Κρον,
791 2591 952 2636 irrepsis-

145 2649 182 2671 se
207 2637 347 2671 videtur
370 2636 444 2679 ἂρα
468 2648 513 2670 ex
537 2637 645 2670 altera
670 2639 856 2682 scriptura.

192 2695 271 2729 132.
317 2693 368 2727 sic
393 2693 523 2738 primns
557 2694 661 2728 Barn.
694 2695 790 2728 libri:
825 2693 866 2730 ἐν
889 2708 951 2731 κο-

145 2741 261 2785 ρυφῇ.
286 2739 332 2772 cr.
357 2741 390 2774 h.
416 2741 450 2773 in
475 2740 625 2774 Minerv.
651 2741 686 2782 4,
709 2742 743 2777 5.

193 2795 273 2832 134.
321 2797 360 2830 11.
384 2795 437 2838 θ’,
460 2786 575 2833 5’etc

196 2854 380 2892 139,140.
429 2852 699 2909 ἠπεδανὸς,
732 2855 866 2889 debilis.
912 2855 954 2889 Il.

146 2896 199 2940 θ’,
227 2898 313 2940 104,
349 2901 478 2944 Odyss.
500 2899 556 2942 θ’,
581 2902 661 2936 311.
692 2920 735 2926 -
768 2900 953 2945 ρικνός,

149 2943 323 2991 ἀσθενής.
346 2958 379 2981 v.
404 2948 511 2981 Schn.
536 2947 569 2983 h.
587 2958 623 2982 v.
650 2966 692 2973 —
727 2942 778 2984 όν
802 2947 954 2992 τέκος,

986 1774 1090 1816 τέκος
1113 1788 1213 1811 οντα.
1236 1774 1302 1808 hoc
1324 1776 1493 1808 monstrat
1515 1772 1673 1808 mendosa
1696 1765 1802 1826 Αἱᾶίἑψ

988 1887 1033 1895 --
1066 1847 1195 1907 πόδας.
1235 1863 1278 1901 ὃν
1309 1867 1414 1902 τέκον
1454 1863 1551 1912 αὕτὴ
1586 1863 1688 1909 Ῥίψ’
1725 1862 1803 1900 etc.‘

988 1925 1092 1959 saepe
1127 1917 1342 1959 permutatae
1371 1914 1462 1947 inter
1492 1925 1531 1947 se
1553 1924 1575 1947 ν
1599 1916 1635 1946 et
1657 1921 1678 1946 σ
1699 1910 1796 1945 litte·

988 1972 1049 1994 rae
1073 1960 1204 1995 finales.

1037 2029 1115 2063 144.
1165 2027 1220 2068 ὠς
1244 2026 1400 2072 ὅφελε.
1445 2027 1554 2062 intell.
1593 2025 1695 2068 Ζεύς.
1727 2011 1805 2063 εὶΙία1

989 2086 1028 2108 re
1061 2087 1157 2119 quam
1190 2079 1292 2118 partu
1323 2074 1502 2107 Minervae
1535 2074 1613 2108 Jovi
1645 2073 1794 2118 gratiam

988 2121 1168 2154 ineundam
1191 2120 1299 2154 fuisse
1322 2121 1372 2153 ait
1394 2132 1415 2154 a
1438 2120 1526 2161 diis,
1551 2121 1584 2153 h.
1603 2132 1634 2154 e.
1652 2132 1691 2154 se
1705 2120 1792 2165 ipsa.

1038 2188 1115 2223 145.
1165 2186 1296 2231 ἄλλο,
1341 2188 1457 2232 aliud,
1495 2188 1607 2234 pejuS.
1647 2200 1681 2223 v.
1718 2199 1796 2223 ann.

992 2234 1036 2269 ad
1061 2235 1189 2279 Odyss.
1230 2234 1278 2279 η’,
1303 2236 1383 2270 200.
1471 2243 1479 2247 ⁴

1040 2303 1116 2339 148.
1165 2305 1255 2337 hunc
1286 2315 1420 2337 versum
1453 2303 1530 2337 loco
1554 2314 1615 2337 suo
1638 2301 1797 2348 reposui-2
1820 2304 1821 2310 ¹

993 2351 1096 2393 vulgo
1122 2350 1207 2383 enim
1232 2350 1359 2393 legitur
1383 2355 1464 2394 post
1489 2352 1566 2384 150.
1592 2350 1720 2384 dicitur
1738 2360 1801 2383 au-

994 2401 1062 2429 tem
1088 2396 1266 2438 Minerva,
1293 2407 1358 2428 non
1383 2396 1491 2435 Juno,
1516 2402 1553 2429 ut.
1577 2402 1697 2440 putant
1721 2395 1799 2429 edi-

995 2447 1112 2484 tores,
1159 2454 1231 2475 cum
1276 2442 1320 2474 ab
1356 2442 1548 2475 Hermanno
1587 2442 1799 2496 discesseris,

998 2489 1056 2532 qni
1083 2493 1177 2522 recte
1213 2487 1411 2531 annotavit,
1450 2502 1485 2522 u
1476 2488 1671 2530 κλημένον
1700 2483 1800 2527 τινόσ

998 2535 1069 2568 dici
1093 2535 1196 2568 filium
1221 2534 1375 2577 alicujus.
1421 2532 1500 2579 ,,ἧν
1524 2535 1628 2568 tertia
1653 2543 1800 2578 persona

998 2584 1097 2620 est‚‘
1137 2580 1267 2625 inquit:
1299 2581 1430 2621 „etiam
1454 2582 1484 2614 si
1514 2592 1580 2625 ego
1606 2581 1800 2615 Minervam

995 2627 1222 2671 peperissem,
1260 2632 1376 2659 tamen
1413 2638 1456 2660 ea
1487 2632 1548 2660 tua
1584 2627 1679 2659 dicta
1713 2625 1801 2659 emt

997 2673 1106 2707 filia.“
1150 2674 1216 2717 jam
1242 2672 1341 2713 vide,
1377 2684 1475 2718 quam
1507 2673 1561 2706 his
1592 2673 1682 2706 bene
1718 2682 1802 2705 con-

998 2722 1124 2763 gruunt
1147 2719 1255 2752 verba
1280 2717 1367 2753 οὔτε
1389 2739 1432 2744 -
1459 2716 1593 2762 αὐτῆς,
1617 2722 1656 2750 ut
1679 2717 1801 2762 quibus

998 2765 1169 2808 significet
1188 2765 1300 2807 June,
1334 2766 1385 2799 ita
1419 2766 1569 2799 futurum
1603 2763 1732 2804 fuisse,
1763 2765 1803 2796 ut

998 2811 1072 2844 sine
1103 2810 1200 2844 Jovis
1233 2817 1292 2844 aut.
1329 2823 1391 2845 suo
1423 2811 1613 2849 dedecore,
1650 2809 1821 2853 legitimo

998 2856 1071 2890 scil.
1093 2857 1279 2898 connubio,
1304 2863 1501 2891 nasceretur
1519 2856 1688 2890 Minerva.
1713 2863 1801 2898 quaq

999 2903 1106 2936 verba
1140 2902 1168 2936 si
1208 2908 1431 2937 monstrosum
1465 2903 1564 2935 istum
1601 2901 1821 2950 Typhonem

999 2953 1221 2995 spectarent,
1245 2960 1312 2985 non
1337 2952 1452 2984 essent
1474 2946 1630 2983 ferenda.
1818 2939 1821 2960 ‘¹
