1821 3288
121 109 208 152 386
483 101 818 147 ADDENDA
861 100 944 142 ET
987 98 1421 143 EMENDANDA.

124 215 242 260 ἀϋτή
268 211 309 250 δ’
334 212 549 257 οὐρανὸν
587 212 697 252 ἷκεν.
730 214 835 258 (liber
867 210 1011 251 ἵκανεν,
1049 203 1107 255 qui
1133 213 1187 244 est
1208 211 1326 256 lapsus
1349 209 1506 252 librarii,
1545 209 1602 243 vel
1636 208 1796 253 imperite
1815 208 1821 226 ·'

126 261 350 310 permutantia
373 261 463 295 inter
486 272 524 295 se
548 262 634 295 haec
658 262 762 294 verba
778 284 788 299 ‚
822 257 877 291 vel
910 258 1052 301 potius,
1091 267 1165 290 cum
1191 256 1319 291 ἴκαν-
1346 256 1544 301 scripsisset
1576 266 1637 300 per
1662 256 1815 294 oscitaffi

125 310 269 349 tionem,
309 306 547 341 animadverso
580 319 700 341 errore
735 304 859 338 vitioso
885 315 971 337 -αν-
1001 303 1245 346 subjungentis
1278 315 1338 338 -εν
1371 303 1578 347 genuinum,
1620 301 1711 334 haud
1737 310 1798 333 ex-

127 360 252 399 puncto
277 353 356 396 illc,
393 353 455 397 qui
490 365 560 387 mos
591 359 643 386 est
668 351 758 385 illius
792 347 965 389 nationis,
997 348 1119 382 lituras
1153 359 1238 382 cane
1263 351 1361 393 pejus
1394 355 1429 382 et
1463 359 1575 391 angue
1600 346 1798 390 fugientis.)

128 399 188 434 ἐπὶ
214 399 253 434 δὲ
288 399 355 442 τῆς
378 399 514 444 μάχης·
554 397 663 442 ῥεῖα
695 394 747 432 δέ
780 393 811 429 κ’
835 393 1046 438 ἀκμῆτες
1081 392 1351 437 κεκμηότας
1377 393 1561 437 ἄνδρας
1597 393 1729 437 αὐτῇ.
1753 383 1821 452 -ἑ

128 446 208 480 827.
244 445 338 480 τῶν
369 444 420 480 δὲ
455 444 639 483 σθένος
673 439 886 486 ὄρνυται
925 439 1054 482 αἰὲν,
1088 442 1226 474 illorum
1264 446 1378 474 autem
1414 441 1466 484 (h.
1493 453 1522 475 e.
1549 435 1798 482 Trojanorum)

127 493 230 525 robur
266 502 397 536 semper
429 492 610 525 excitatur.
652 489 716 522 hoc
741 487 845 528 dicit,
892 487 1065 530 Trojanos
1097 486 1282 520 identidem
1316 486 1510 520 instaurare
1541 495 1702 531 pugnas,
1735 494 1819 516 nec,

131 538 318 582 quiescere.
356 548 534 581 perperam
563 535 706 569 Schola
742 532 963 579 ὄρνυται.
987 552 1034 557 —-
1068 531 1244 576 αὔξεται,
1279 531 1481 576 Berglerus:
1517 542 1659 577 quorum
1697 530 1800 563 robur

130 584 288 630 augescit
310 587 489 626 perpetuo.

221 629 278 670 M,
303 629 335 662 8.
365 628 466 671 longe
491 625 688 660 concinnius
716 624 822 659 fuerit
845 623 1021 669 ῥύοιντο,
1048 628 1247 657 tutarentur
1272 622 1333 656 dii.
1351 642 1396 647 —-
1420 622 1476 658 47.
1493 635 1568 657 ann.
1593 632 1660 655 scr.
1686 632 1801 663 ταρ-

133 687 161 715 φ
178 673 240 710 ἑα.
265 693 308 698 -
333 675 388 708 70.
413 684 480 707 scr.
505 676 540 707 et
575 672 629 705 hic
653 677 689 705 et
711 669 757 713 ν’,
781 673 861 706 227.
887 677 924 705 et
955 668 997 713 ξ’,
1020 671 1075 704 70.
1102 667 1177 704 ἄπ’
1195 668 1294 712 ’Ἃργ
1309 681 1406 710 sog,
1442 669 1626 714 itidemque
1650 665 1695 708 ν’,
1719 667 1800 700 702.

132 718 205 755 ἄπ’
231 720 406 762 Αἴαντος,
431 720 465 752 h.
491 730 520 752 e.
548 715 705 753 ἄποθεν.
730 717 870 758 mirum,
897 729 996 761 quam
1021 727 1126 761 saepe
1154 715 1289 748 librarii
1313 717 1401 749 hunc
1425 726 1572 749 errorem
1599 711 1810 748 erraverint-¹·

135 786 176 791 —
206 767 283 799 141.
308 766 394 799 male
418 764 557 806 Schol.;
582 776 644 798 nec
670 764 757 797 bene
783 763 980 797 Nitzschius
1005 773 1082 795 ann.
1109 761 1154 794 ad
1180 761 1365 805 Odyss.y‘,
1380 763 1475 796 1261:
1501 774 1545 802 :„
1557 761 1640 800 εἵως
1663 758 1730 802 μὲν
1741 763 1815 798 -,’,

133 824 170 845 so
194 813 301 856 lange
326 813 399 851 als,
439 811 534 844 steht
566 810 742 844 bisweilen
775 809 932 854 zngleich
962 810 1018 842 fur
1050 809 1178 847 τείως,
1214 807 1384 851 τόφρα,“
1418 813 1482 841 etc·
1528 817 1709 852 perperam
1740 814 1801 837 nos

134 858 237 891 etiam
259 857 326 901 ipsi
350 856 541 890 inauditam
556 856 740 902 nsumsimus
774 856 934 900 ellipsin,
974 866 1046 888 cum
1082 861 1206 897 agatur
1232 856 1352 898 procul
1390 853 1494 886 dubio
1529 858 1612 886 nota
1646 851 1707 884 illa
1732 849 1800 884 τοῦ

134 904 254 942 καλῶς
278 897 345 947 ἦν,
371 899 522 937 ἀνεκτὸν
545 902 612 947 ἠν,
647 903 689 935 de
723 913 791 946 qua
815 905 1005 945 expositum
1039 900 1082 933 ad
1109 897 1155 940 α’,
1182 902 1268 941 135,
1295 899 1347 940 φ’,
1372 900 1453 942 487,
1478 899 1567 940 567,
1603 897 1731 941 Odyss.
1753 894 1800 940 β’,

139 951 214 984 115.
238 949 273 982 in
299 949 387 982 Add.
413 949 482 983 vol.
508 949 564 989 6.‚
589 959 655 993 quo
680 948 754 982 loco
781 947 911 981 ironiae
936 946 1069 986 servit,
1093 945 1175 980 item
1200 944 1328 990 Od.6'‚
1351 947 1430 987 831,
1456 946 1488 978 h.
1503 945 1538 978 in
1555 944 1665 989 Apoll.
1678 942 1800 986 Delph.

136 997 200 1037 79,
226 995 350 1039 Eurip.
374 994 482 1039 Hipp.
505 992 584 1028 485.
610 995 655 1028 cf.
683 991 725 1035 θ’,
750 992 888 1036 277,ρ’,
911 994 991 1034 730,
1017 992 1145 1036 odyss.
1170 991 1212 1034 γ’,
1240 995 1318 1028 126.
1359 998 1512 1026 ceterum
1539 989 1800 1034 expungendum

138 1047 190 1074 est
211 1042 345 1084 signum
369 1040 650 1083 interrogationis
676 1044 754 1084 post
778 1038 950 1082 ἀλλαχοῦ.
983 1059 1030 1065 -—
1054 1040 1246 1074 187-200,
1272 1050 1350 1072 ann.
1375 1050 1442 1071 scr.
1470 1037 1547 1071 139.
1574 1047 1635 1080 pro
1664 1035 1741 1070 129.
1758 1051 1801 1059 -

139 1088 216 1121 195.
241 1085 468 1130 ἐνάριζον
495 1084 580 1119 ἀπ’.
608 1086 643 1118 id
669 1097 741 1119 cum
769 1085 844 1118 aliis
869 1084 1144 1128 intelligebamus
1169 1082 1414 1127 οἷπενάριζον,
1439 1095 1505 1127 quo
1529 1093 1629 1115 sensu
1646 1081 1821 1114 scriben-÷

139 1133 219 1166 dum
244 1137 320 1166 erat
345 1130 420 1176 ἄπ’,
444 1137 483 1166 ut
508 1130 550 1172 o'‚
575 1131 656 1166 343.
681 1131 743 1164 sed
767 1131 948 1164 videndum
974 1136 1038 1169 est,
1063 1141 1173 1162 annon
1199 1137 1351 1176 praestet
1375 1129 1498 1164 referri
1517 1127 1803 1172 praepositionem

137 1179 182 1212 ad
211 1180 470 1221 μαρμαίροντα
502 1189 564 1222 per
597 1177 739 1217 tmesin,
763 1177 1043 1220 quemadmodum
1076 1176 1236 1209 dicuntur
1273 1178 1382 1210 verba
1415 1173 1669 1216 ἄπολοὶμπειν,
1704 1170 1821 1206 ἄπο-ι

139 1224 304 1269 στίλβειν.
331 1231 426 1258 certe
450 1225 569 1257 durum
593 1230 657 1262 est,
671 1233 745 1255 eam
767 1222 897 1255 retrahi
921 1222 964 1255 ad
990 1218 1177 1262 ἐνάριζον,
1199 1222 1296 1256 velut
1321 1222 1519 1255 discedente
1540 1231 1641 1252 versu
1667 1213 1821 1263 (”Οφρ’ἰ

140 1270 178 1304 οὶ
199 1280 204 1311 1
226 1270 315 1310 τούς
338 1267 531 1314 ἔνάΙριζον
563 1265 634 1302 ἄπ’
650 1267 666 1313 Η
683 1266 786 1302 ἔντεα
807 1269 811 1312 Ι
832 1266 1157 1311 μαρμαίξροντα),
1185 1268 1251 1311 ‘qui
1286 1269 1372 1301 bene
1405 1265 1562 1312 procedit
1593 1266 1657 1297 hoc
1680 1263 1821 1318 modotf'

130 1315 244 1360 '‘Oqoo'
269 1316 303 1352 οἱ
326 1316 332 1361 Ι
354 1316 444 1356 τούς
467 1314 659 1359 ἐνάίριζον
675 1314 691 1360 ΙΙ
709 1311 771 1348 ἀπ’
792 1315 796 1359 Ι
820 1313 923 1349 ἔντεα
947 1314 1083 1358 Ιμαρμ.
1126 1313 1207 1346 nihil
1239 1312 1282 1346 ad
1315 1325 1408 1354 rem,
1432 1311 1523 1357 quod
1547 1311 1688 1344 verbum
1711 1308 1811 1353 dno*¹

138 1365 364 1406 μαρμαίρειν
400 1373 466 1396 non
499 1362 648 1406 legitur,
689 1360 779 1405 quod
804 1361 930 1401 sciam,
958 1359 993 1393 in
1017 1359 1158 1404 scriptis
1183 1360 1396 1393 Graecorum
1425 1357 1689 1402 superstitibus,
1728 1367 1800 1390 cum

138 1411 317 1443 innumera
341 1420 455 1442 eorum
480 1414 515 1441 et
538 1413 672 1451 tempus
697 1412 732 1439 ct
755 1408 976 1440 barbarorum
1002 1412 1123 1449 stupor
1147 1405 1385 1439 deleverit.—
1402 1407 1482 1440 213.
1508 1403 1671 1447 δῆμον
1696 1399 1802 1438 ἐόν-

139 1469 201 1489 τα.
227 1455 304 1500 quis
328 1454 450 1488 credat
474 1451 718 1486 Grammaticis
748 1453 851 1485 toties
876 1451 1112 1492 hallucinatis,
1149 1453 1268 1494 δῆμον
1293 1452 1348 1485 hic
1373 1463 1450 1485 esse
1474 1449 1662 1494 δημότην,
1689 1450 1801 1494 δημο-

139 1500 241 1536 une-v
265 1499 412 1542 ἅνδραῖ
437 1503 498 1533 aut
522 1497 689 1542 quomodo
714 1498 868 1538 Hector,
898 1497 990 1540 regis
1016 1499 1243 1540 Trojanorum
1268 1498 1378 1540 filius,
1404 1496 1573 1542 appellari
1598 1500 1714 1540 potest
1738 1495 1804 1540 δῆ-

139 1561 210 1592 μος
232 1547 298 1581 isto
327 1545 453 1580 sensu?
491 1544 628 1578 miseret
650 1555 704 1576 me
738 1550 886 1577 nostrum
912 1544 1160 1587 interpretum,
1202 1544 1260 1588 qui
1285 1550 1354 1576 tam
1386 1542 1506 1588 inepta
1538 1552 1803 1586 concoquamus.

141 1595 331 1638 depravata
355 1595 434 1625 sunt.
457 1591 565 1630 haec,
605 1589 634 1622 si
660 1600 749 1634 quae
774 1589 862 1631 alia,
902 1601 966 1622 nec
990 1588 1108 1622 dubito
1132 1588 1214 1633 quin
1239 1588 1430 1633 ponendum
1454 1589 1502 1623 sit
1534 1586 1803 1631 δαιμονόωντα.

140 1640 384 1684 vituperantur
408 1636 531 1682 passim
569 1635 661 1680 apud
694 1635 876 1668 Homerum
910 1633 1120 1676 δαιμόνιοι,
1155 1634 1316 1669 dicuntur
1347 1635 1469 1669 heroes
1501 1636 1617 1668 furere
1652 1635 1813 1678 δαίμονι·

142 1684 242 1720 ἶσοιε
281 1683 401 1729 quidni
425 1681 646 1726 usurpaverit
669 1681 810 1714 verbum
835 1686 1034 1725 cognatum,
1070 1679 1348 1725 aptissimumque
1372 1681 1449 1713 huic
1471 1680 1567 1723 loco,
1606 1681 1792 1723 δαιμονᾶν
1805 1681 1813 1698 ’“’

140 1730 298 1777 quamvis
322 1729 406 1764 alias
430 1728 520 1762 haud
544 1727 668 1761 lectum
692 1726 727 1760 in
747 1727 821 1771 ejus
847 1726 1020 1771 operibus,
1047 1727 1163 1770 qualia
1186 1726 1288 1761 hodie
1312 1726 1624 1760 circumferuntur?
1648 1717 1813 1760 similiter

141 1776 186 1816 v',
210 1778 266 1812 53.
292 1777 425 1810 Hector
448 1773 546 1808 audit
569 1771 776 1817 λυσσώδης,
818 1776 854 1806 et
877 1773 996 1806 eodem
1020 1772 1130 1813 libro,
1168 1773 1271 1815 726„
1309 1772 1365 1806 vir
1398 1772 1548 1817 prudens
1581 1773 1804 1818 Polydamas:

131 1821 290 1866 ‘'EuroQ,
315 1820 440 1866 inquit,
467 1818 657 1862 ἀμήχανός
680 1818 756 1854 ἐσσι
782 1818 1052 1863 παραῤῥητοῖσι
1074 1816 1269 1853 πιθέσθαι.
1295 1819 1340 1852 cf.
1358 1830 1557 1863 responsum
1582 1819 1647 1853 h.l.
1671 1819 1804 1854 minime

142 1869 293 1916 prudens
317 1865 497 1905 Hectoris,
525 1864 567 1906 6¹,
597 1867 666 1901 312
690 1870 758 1899 etc.
784 1866 875 1909 quod
900 1865 1023 1899 attinet
1054 1865 1099 1898 ad
1124 1865 1248 1898 ductus
1272 1865 1486 1905 litterarum,
1511 1876 1579 1899 non
1603 1868 1657 1899 est
1681 1865 1805 1899 obscu-

142 1927 215 1950 rum
231 1941 239 1953 ‚
265 1928 305 1949 αι
330 1918 363 1946 et
388 1925 432 1956 η,
457 1912 607 1956 itemque
629 1924 645 1947 ε
670 1916 706 1944 et
732 1924 776 1951 ο,
801 1924 820 1946 ο
845 1917 881 1945 et
905 1924 955 1955 ω,
982 1910 1177 1956 permisceri
1200 1911 1315 1945 solere
1338 1911 1373 1944 in
1398 1910 1496 1945 codd.
1523 1930 1563 1936 —
1588 1912 1668 1946 214.
1687 1910 1807 1955 gravi-¹

142 1967 197 1996 ter
219 1960 423 2005 Polydamas
447 1958 632 1991 Hectorem
656 1958 836 2001 objurgat,
877 1964 1037 2002 tanquam
1071 1968 1169 1997 eum,
1204 1957 1262 2002 qui
1287 1957 1527 1991 auctoritatem
1551 1957 1805 2003 potentiamque

142 2019 237 2042 suam
262 2016 389 2049 augere
414 2004 553 2037 studeat
577 2004 797 2037 vehementer
822 2008 857 2036 et
880 2003 993 2036 insani
1017 2004 1051 2036 in
1075 2014 1199 2036 morem
1239 2003 1472 2037 concionando
1505 2006 1540 2036 et
1572 2003 1695 2037 bellum
1725 1998 1811 2036 sua-'-

143 2054 274 2094 dendo,
300 2056 338 2085 ut
362 2050 472 2083 solent
498 2049 602 2082 duces
628 2049 769 2083 militum
795 2049 922 2083 similes
945 2049 1095 2092 ingenio.
1119 2067 1164 2073 -
1186 2050 1266 2085 250.
1291 2050 1356 2082 imo
1383 2060 1426 2082 ne
1454 2048 1521 2082 dici
1547 2049 1683 2093 quidem
1707 2039 1811 2083 vide-i

143 2105 203 2133 tur
223 2108 349 2143 graece
372 2094 579 2130 τύπτεσθαι
611 2091 687 2130 ὑπό
715 2096 823 2138 δουρί
857 2108 958 2135 τινος
982 2106 1044 2139 pro
1079 2094 1210 2136 δουρὶ,
1246 2107 1309 2129 nec
1334 2100 1448 2139 aptum
1473 2100 1526 2128 est
1557 2099 1618 2128 aut
1644 2088 1810 2129 usitatum.

143 2146 291 2180 Homero
314 2139 554 2178 ὓποτύπτειν.
579 2160 621 2165 --
648 2143 728 2175 290.
752 2142 840 2174 male
864 2141 964 2175 etiam
989 2141 1083 2186 ipset
1104 2152 1350 2185 percussorum.
1377 2141 1611 2186 βαλλομένων
1643 2146 1697 2175 est
1719 2142 1804 2185 βαλ-

144 2191 310 2231 λόντων,
334 2187 550 2222 referendum
575 2185 656 2220 illud
682 2187 725 2220 ad
749 2188 824 2222 τῶν
847 2189 926 2222 287.
962 2187 1172 2232 promiscuus
1197 2192 1249 2220 est
1281 2188 1399 2221 harum
1422 2188 1604 2221 formarum
1633 2198 1716 2221 usus
1742 2197 1804 2232 ap.

143 2238 326 2272 Homerum
346 2239 381 2268 et
399 2239 558 2268 auctores
579 2232 796 2274 vetustiores,
821 2245 905 2278 quos
929 2233 1035 2267 ceteri
1060 2244 1293 2277 nonnunquam
1318 2233 1505 2268 imitantur.
1519 2252 1564 2258 —
1587 2232 1667 2268 350.
1687 2237 1804 2268 auctor

138 2289 200 2318 est
224 2286 251 2316 A
275 2281 409 2320 schol„
450 2280 604 2313 notatum
627 2278 732 2312 fuisse
771 2279 850 2312 olim
875 2279 962 2312 hunc
996 2290 1131 2313 versum
1162 2290 1183 2312 a
1214 2278 1366 2313 criticis.
1400 2290 1523 2313 causas
1558 2279 1657 2313 addit
1691 2289 1757 2313 una
1803 2289 1805 2293 ’

143 2328 237 2374 quod
261 2328 420 2365 Teucer,
444 2331 483 2359 ut
506 2323 756 2368 ὑπασπιστής,
799 2324 854 2358 vel
878 2326 928 2358 sic
952 2324 1176 2359 comitaturus
1201 2325 1306 2359 fuerit
1331 2327 1486 2370 Ajacem3
1519 2325 1682 2367 alteram,
1713 2290 1806 2370 quz'

144 2385 211 2409 non
243 2373 289 2407 sit
313 2371 519 2413 verisimile,
561 2376 717 2405 vocatum
747 2369 854 2404 fuisse
887 2369 953 2405 τὸν
986 2367 1232 2415 ὑπασπιστήν.
1271 2373 1369 2416 quasi
1402 2382 1567 2416 nusquam
1605 2372 1698 2406 solus
1723 2372 1802 2416 agdi

145 2421 284 2455 Teucer
307 2419 343 2452 in
369 2419 434 2451 hoc
460 2416 630 2457 carmine,
671 2428 736 2451 nec
759 2416 882 2461 dignus
906 2416 971 2458 sit,
1013 2417 1070 2462 qui
1095 2429 1243 2451 seorsum
1269 2418 1469 2462 appelletur.
1509 2429 1597 2451 cave
1620 2417 1670 2451 sic
1692 2417 1802 2458 ratio&¹

145 2467 278 2501 cinatos
305 2475 380 2498 esse
403 2463 525 2497 credas
549 2463 699 2496 Criticos
724 2462 984 2506 Alexandrinos,
1001 2464 1062 2497 sed
1085 2463 1184 2496 finxit
1207 2463 1291 2497 haec
1316 2464 1434 2508 procul
1459 2463 1562 2497 dubio
1585 2464 1662 2509 ipse
1676 2461 1805 2504 Schola

145 2523 220 2546 cum
246 2511 281 2544 in
304 2510 401 2544 libris
425 2508 497 2542 suis
521 2508 708 2542 invenisset
730 2514 862 2542 tantum
887 2509 919 2542 h.
945 2510 988 2549 l.‚
1013 2510 1104 2543 sicut
1127 2509 1204 2543 aliis
1229 2509 1407 2550 nonnullis,
1437 2510 1577 2544 verbum
1603 2509 1809 2545 οἱθετεῖτιιιι.4

145 2569 244 2602 quem
268 2555 521 2601 reprehendens
544 2555 706 2598 Heyneus
731 2566 798 2588 non
823 2554 930 2598 magis
954 2556 1104 2599 proficit,
1124 2567 1199 2589 cum
1223 2555 1323 2595 dicit,
1348 2566 1481 2589 versum
1505 2555 1614 2590 otiose
1637 2557 1803 2600 adjectum

146 2616 244 2645 esse,
270 2609 304 2636 et
329 2601 532 2645 rhapsodum
558 2600 741 2633 manifesto
766 2601 924 2645 prodere.
949 2601 1013 2634 imo
1038 2600 1330 2637 α’σύσταταλευηῐ
1364 2602 1450 2635 haec
1476 2606 1512 2635 et
1535 2603 1578 2635 ab
1602 2602 1717 2646 inepto
1741 2602 1802 2636 ho-

145 2649 236 2683 mine
257 2650 435 2692 subjecta,
476 2646 556 2691 quia
580 2647 615 2679 id
644 2647 783 2689 agitur,
822 2651 860 2679 ut
885 2647 938 2680 vel
962 2648 1061 2681 ambo
1087 2649 1209 2690 Ajaces
1233 2656 1473 2687 arcessantur‚
1511 2648 1586 2687 vel,
1625 2647 1660 2680 id
1684 2646 1713 2680 si
1738 2651 1804 2687 ηοξ

145 2695 276 2741 possit,
301 2701 396 2728 certe
420 2703 504 2725 unus
530 2692 759 2725 Telamonius.
785 2695 820 2726 et
843 2692 893 2725 ita
917 2692 970 2726 fit.
989 2695 1203 2738 quamobrem
1228 2700 1263 2728 et
1288 2694 1342 2727 hic
1367 2704 1485 2727 versus
1509 2698 1545 2726 et
1567 2694 1646 2729 363.
1671 2693 1804 2737 expunss,

146 2741 250 2784 gendi
274 2746 370 2779 sunt3
400 2748 464 2772 nec
489 2737 538 2770 illi
564 2737 815 2778 tantummodo,
841 2738 899 2770 sed
926 2739 1025 2772 etiam
1048 2742 1126 2775 371.
1152 2746 1188 2773 et
1212 2741 1233 2774 3
1253 2745 1454 2784 sequentes.
1487 2749 1571 2784 quos
1597 2738 1655 2783 qui
1680 2748 1800 2782 procn—

146 2786 218 2830 dit,
259 2786 334 2820 sive
357 2785 447 2819 idem
472 2783 560 2823 suit,
595 2783 670 2816 sive
695 2784 781 2816 alius
806 2784 955 2826 ejusdem
980 2785 1128 2826 farinae,
1164 2792 1359 2820 sustentare
1392 2786 1483 2818 hisce
1510 2785 1617 2818 voluit
1639 2782 1799 2819 fraudem.

145 2832 211 2865 hoc
234 2832 318 2865 illud
343 2836 418 2869 est,
457 2829 547 2872 quod
575 2829 752 2863 annotavit
778 2829 807 2861 Α
832 2830 945 2862 Schol.
971 2831 1014 2864 ad
1038 2833 1140 2866 371.=
1183 2832 1346 2876 εἴρηται,
1387 2828 1443 2866 ὅτι
1469 2829 1747 2866 διασκεύασταιι
1780 2835 1800 2868 Ι,

145 2877 359 2911 diasceuaste
380 2876 570 2920 profectum
596 2885 671 2907 esse
697 2874 768 2914 ait,
794 2875 852 2918 qui
878 2875 962 2908 haec
986 2878 1217 2920 superioribus
1242 2878 1308 2911 illis
1333 2879 1569 2911 committeret.
1604 2888 1755 2922 quaeren

145 2933 227 2956 vero
263 2929 316 2957 est
339 2923 436 2966 origo
462 2921 565 2963 hujus
601 2920 879 2963 interpolationis
915 2922 947 2953 in
983 2924 1226 2966 sequentibus,
1267 2927 1298 2957 in
1331 2923 1453 2967 quibus
1486 2929 1667 2968 postquam
1699 2875 1800 2967 poli&

106 2980 112 2984 ·
146 2967 321 3015 Epicleum
343 2969 492 3003 occisum
517 2977 594 3001 esse
618 2965 705 2999 dixit
729 2966 772 3000 ab
797 2967 903 3011 AJace
927 2966 1150 3016 Telamonio,
1180 2969 1319 3015 subjicit
1342 2969 1384 3004 de
1409 2969 1546 3004 Teucro
1561 2994 1572 3013 ,
1608 2969 1668 3015 qui
1691 2968 1797 3004 Glau'-
