1821 3288
255 992 1473 1080 ,BATPAXOMYOMAXIA.

199 1314 505 1427 ,Αρχόμενος
532 1354 716 1416 πρώτως
744 1357 948 1399 Μουσων
975 1354 1133 1424 χορόν
1141 1354 1182 1405 ἐξ
1207 1351 1442 1407 Ἑλικῶνος

208 1412 354 1457 ἐλθεῖν
383 1415 444 1465 εἰς
475 1413 580 1469 ἐμόν
607 1417 714 1470 ἦτορ
745 1412 979 1468 ἐπεύχομαι
1009 1409 1133 1455 εἵνεκ’
1166 1409 1342 1468 ἀοιδῆς,

84 1546 344 1583 Annotatioucs.
398 1549 545 1583 Carmen
579 1548 645 1582 hoc
682 1547 850 1582 ludicrum

38 1593 116 1638 quis
155 1595 359 1639 scripserit,
399 1595 568 1629 incertum
602 1600 676 1636 est3
719 1601 849 1629 certum

37 1651 141 1682 vero,
177 1641 259 1674 nihil
283 1641 457 1685 pertinere
482 1641 525 1675 ad
551 1641 757 1682 Homerum,
793 1640 849 1673 cui

38 1686 124 1719 male
141 1686 176 1719 id
193 1688 318 1720 tribuit
335 1688 657 1721 Pseudoherodotus
675 1686 748 1719 vita
766 1690 851 1730 poe-

37 1736 108 1772 tae,
135 1733 233 1766 nimis
261 1734 445 1777 patientem
466 1745 581 1766 aurem
607 1733 850 1776 praebentibus

38 1778 152 1812 Statio
175 1778 307 1822 (Epist.
329 1779 372 1812 ad
396 1780 569 1822 Stellam),
594 1778 747 1812 Martiali
772 1779 848 1822 (14.

40 1824 154 1867 183),
188 1824 323 1859 Tzetze
358 1826 409 1869 (v.
444 1826 584 1858 Kuster.
618 1824 714 1858 Suid.
750 1830 775 1858 t.
802 1826 850 1865 2,

38 1881 73 1915 p.
90 1871 184 1912 683„
207 1871 296 1913 not.)
322 1876 358 1904 et
380 1871 534 1915 inprimis
558 1872 645 1904 bono
671 1870 744 1904 viro
761 1870 851 1903 Bar-

38 1916 147 1950 nesio.
193 1928 227 1950 v.
256 1917 301 1949 G.
328 1917 369 1950 F.
396 1917 438 1950 D.
464 1917 605 1951 Goessii
628 1916 776 1950 libellum
808 1915 852 1949 de

39 1962 451 2016 Batrachomyomachia‚
484 1963 635 1996 Homero
659 1963 762 2006 vulgo
787 1962 851 1996 ad-

40 2008 183 2055 scripta,
209 2020 307 2053 quem
331 2009 454 2042 librum
479 2009 591 2042 edidit
614 2009 667 2042 vir
692 2008 852 2042 doctissi-

40 2065 115 2089 mus
138 2065 171 2089 a.
197 2056 297 2090 1789.
330 2055 514 2099 Erlangae
565 2054 713 2099 requirit
736 2055 853 2088 Mont-

40 2100 184 2134 helius·
175 2112 210 2134 m
231 2101 617 2145 Batrachomyomachia
638 2112 748 2134 mores
777 2099 854 2134 aevi

42 2146 196 2187 heroici,
221 2147 389 2180 culturam
406 2173 416 2188 ,
447 2146 703 2191 mythologiam,
726 2146 853 2187 stilum,

42 2196 79 2227 et
100 2192 250 2227 nativam
274 2193 363 2226 illam
387 2194 554 2237 gratiam,
578 2204 647 2238 qua
671 2196 855 2237 tantopere

44 2238 180 2293 placent
217 2239 367 2273 carmina
402 2238 595 2273 Homerica.
644 2238 855 2284 („Evidem-

44 2290 136 2319 ment
157 2284 203 2318 ici
228 2296 268 2318 ce
296 2297 340 2319 ne
363 2290 441 2318 sont
470 2285 546 2331 plus
570 2285 607 2319 ni
629 2285 679 2320 les
708 2295 855 2326 moeurs,

46 2330 83 2363 ni
104 2330 155 2364 les
178 2342 328 2375 usages,
363 2331 399 2364 ni
420 2332 452 2365 le
483 2331 592 2374 style,
632 2333 668 2366 ni
691 2333 798 2365 meme
821 2331 856 2364 la

44 2375 170 2419 langue
198 2376 258 2410 des
280 2377 402 2412 siecles
435 2380 635 2422 heroi‘ques3
669 2376 754 2411 c'est
789 2388 856 2410 une

47 2420 272 2464 civilisation,
302 2434 346 2457 un
370 2424 474 2457 ordre
497 2423 628 2458 d’idees
653 2428 731 2457 tout
753 2423 857 2456 diffe-

48 2471 156 2510 rents,
181 2474 217 2502 et
239 2468 273 2502 la
295 2471 433 2503 naivete
457 2470 652 2514 homerique
675 2481 696 2503 a
720 2473 811 2503 tout·
815 2481 859 2502 a·

50 2513 117 2546 fait
139 2513 293 2566 disparu.
347 2516 418 2549 Des
441 2516 474 2549 le
498 2517 647 2570 premier
678 2526 781 2556 vem,
813 2527 858 2549 οιι

50 2559 230 2593 reconnait
252 2572 318 2594 une
337 2568 434 2596 autre
456 2574 506 2606 my
511 2561 681 2606 thologie3
706 2573 766 2595 car
783 2561 858 2595 Ho-

51 2607 144 2639 mer-e
167 2617 210 2639 ne
242 2617 393 2651 suppose
417 2608 522 2672 point
555 2620 621 2654 que
658 2608 706 2641 les
739 2607 859 2640 Muses

50 2651 206 2686 habitent
239 2652 552 2697 1’He'1ic‘on‘etcj
599 2654 745 2687 WVolfius
771 2654 858 2685 Pro-

50 2696 118 2741 leg
143 2709 180 2743 p.
205 2699 280 2732 894
320 2700 554 2741 „Vocabulum
587 2700 711 2741 δέλτος
744 2700 859 2742 (L’atr.

51 2743 85 2777 3.
89 2747 144 2786 )‚“
171 2744 330 2788 inquit„
335 2756 411 2784 ‚non
428 2753 481 2780 est
497 2747 672 2792 antiquius
689 2745 858 2789 Aeschylo

50 2795 87 2824 et
112 2796 252 2824 auctore
277 2770 702 2836 Batrachomyomachiae,
726 2798 860 2835 tempo-

51 2836 147 2870 ribus
170 2836 354 2880 Aesch>1i‚
389 2838 424 2871 id
460 2838 550 2883 quod
574 2839 675 2872 etiam
710 2836 860 2872 nonnulli

51 2893 95 2916 ex
119 2882 293 2916 veteribus
321 2862 492 2924 viderunt,
517 2885 664 2927 aequali.
669 2886 694 2904 ‘⁶
720 2885 772 2918 cui
797 2884 859 2916 ad-

51 2928 235 2972 stipulatur
259 2929 400 2963 Vossius
431 2931 521 2964 Krit.
558 2931 616 2965 Bz.
641 2933 672 2966 1.
708 2943 741 2975 p.
766 2931 860 2971 292,

51 2981 190 3009 secutus
222 2975 298 3020 ille,
332 2977 423 3011 sicut
446 2976 592 3012 Wolfius
609 3002 620 3022 ‚
654 2976 858 3011 sententiam

896 1546 1028 1582 Suidae
1053 1559 1088 1582 v.
1113 1547 1253 1592 Πίγρης
1288 1549 1324 1581 et
1348 1545 1528 1582 Plutarchi
1551 1547 1645 1582 libro
1670 1544 1716 1580 de

896 1594 1034 1638 malign.
1062 1594 1204 1628 Homeri
1228 1593 1321 1627 circa
1345 1594 1468 1636 finem,
1504 1593 1565 1638 qui
1591 1597 1716 1627 aucto-

896 1651 966 1674 rem
1002 1640 1105 1683 hujus
1141 1640 1307 1684 parodiae
1332 1641 1567 1693 prodiderunt
1586 1639 1718 1684 Pigre-

896 1690 987 1728 tem,
1011 1686 1228 1730 Artemisiae,
1267 1685 1636 1720 Halicarnassensium
1659 1697 1718 1720 re-

897 1731 1020 1775 ginae,
1053 1732 1215 1773 fratrem,
1253 1736 1292 1765 ut
1327 1733 1538 1776 persuadere
1577 1732 1718 1773 volunt,

897 1777 926 1810 si
951 1789 1040 1821 quae
1072 1784 1183 1811 autem
1206 1778 1389 1811 Herodoto
1414 1779 1502 1812 fides
1526 1782 1582 1812 est
1604 1780 1719 1822 7‚89.,

897 1822 1048 1856 Seldomi
1094 1824 1218 1865 filium,
1259 1824 1455 1868 earumque
1492 1824 1613 1857 ducem
1654 1824 1719 1857 sub

897 1869 1024 1903 Xerxe.
1074 1881 1095 1903 a
1127 1870 1252 1914 quibus
1276 1869 1518 1904 dissentientes
1542 1870 1720 1904 Goessius

886 1915 919 1948 »1.
946 1926 989 1956 c.,
1013 1918 1045 1958 §.
1071 1915 1124 1956 4.‚
1147 1923 1182 1949 et
1206 1917 1424 1950 Montbelius·
1441 1917 1566 1950 bonum
1591 1916 1720 1957 virum,

898 1960 1051 2006 quisquis
1076 1961 1164 2003 fuit,
1201 1962 1463 1996 Alexandrinum
1498 1966 1644 2007 putant,
1681 1966 1720 1997 et

897 2007 941 2040 ad
966 2007 1148 2052 primorum
1172 2008 1384 2052 Lagidarum
1408 2015 1567 2053 tempora
1590 2009 1720 2043 detru-

898 2053 1066 2092 dendum,
1099 2065 1172 2087 cum
1205 2065 1347 2097 magnus
1370 2054 1601 2089 Alexandriae
1625 2065 1720 2089 mer-

900 2105 996 2133 catus
1019 2099 1182 2133 librorum
1207 2100 1364 2134 alliceret
1388 2101 1548 2135 falsarios
1569 2101 1616 2135 ad
1633 2113 1719 2146 sup-

899 2145 1092 2190 ponendum
1116 2146 1219 2179 claris
1238 2146 1429 2181 nominibus
1445 2147 1578 2193 scripta
1594 2159 1720 2181 recen-

898 2191 1045 2234 tiorum,
1089 2192 1368 2237 quemadmodum
1411 2193 1468 2227 hic
1507 2194 1599 2227 liber
1639 2193 1717 2227 fere

897 2219 1062 2281 Ὀμήρου
1088 2241 1449 2283 Βατραχομυομαχία
1469 2238 1640 2284 inscripta
1662 2242 1718 2274 est

900 2283 937 2317 in
963 2284 1150 2318 codicibus.
1199 2286 1309 2326 Quem
1331 2287 1454 2319 librum
1477 2286 1568 2320 haud
1594 2285 1718 2319 infice-

900 2335 972 2364 tum
1011 2331 1139 2375 primus
1183 2331 1276 2376 typis
1308 2332 1484 2366 mandavit
1519 2332 1720 2366 Demetrius

902 2376 1102 2421 Chalcondy
1099 2377 1159 2410 las
1182 2377 1396 2420 Florentiae,
1419 2390 1451 2411 a.
1477 2377 1593 2419 1408.,
1623 2378 1720 2411 dein—

902 2422 946 2455 de
999 2424 1215 2457 excuderunt
1262 2424 1363 2465 Aldi,
1403 2424 1549 2465 Juntae,
1589 2423 1720 2467 aliique

902 2467 1025 2509 multi,
1066 2480 1151 2523 quos
1191 2469 1284 2503 inter
1323 2470 1449 2504 eminet
1491 2470 1720 2503 Leonhardus

902 2513 1043 2558 Lycius,
1066 2515 1162 2559 cujus
1186 2515 1291 2549 editio
1316 2515 1481 2560 impressa
1504 2523 1559 2549 est
1577 2515 1720 2560 Lipsiae

908 2561 1031 2602 1566.;
1057 2561 1102 2594 de
1126 2572 1193 2606 quo
1220 2562 1436 2595 Camerarius
1461 2562 1613 2595 carmine
1637 2573 1721 2618 gra-

904 2606 1091 2648 tulatorio‚
1117 2607 1206 2651 quod
1233 2609 1420 2663 praefixum
1445 2613 1499 2642 est
1525 2608 1641 2642 libro.
1679 2619 1721 2646 ος

905 2653 976 2686 νῦν
1011 2651 1248 2711 ἐξεπόνησεν,
1284 2651 1350 2693 ,Ως
1384 2653 1478 2688 πολύ
1515 2651 1628 2689 πάντ’
1661 2651 1722 2697 ἄρ’
1744 2698 1747 2699 ⁷

905 2696 999 2742 ἔχειν
1023 2698 1168 2744 βέλτιον
1192 2696 1216 2744 ἢ
1232 2699 1421 2742 πρότερον.
1459 2701 1536 2741 „Ac
1561 2699 1722 2745 profecto

904 2744 941 2777 in
957 2745 1024 2779 hoc
1039 2749 1229 2786 contextuss
1235 2746 1377 2790 ‘inquit
1394 2746 1590 2787 Ernestius,
1604 2747 1722 2788 „adeo

904 2791 1024 2825 melius
1048 2792 1157 2825 omnia
1181 2792 1393 2832 cohaerent,
1419 2799 1457 2825 ut
1479 2792 1585 2826 facile
1608 2803 1724 2837 appa-

904 2842 1002 2878 reat,
1033 2838 1180 2878 librum,
1222 2839 1312 2871 unde
1347 2838 1470 2872 ductus
1507 2840 1589 2880 est,
1630 2838 1724 2872 anti-

904 2883 1058 2927 quiorem
1089 2888 1125 2917 et
1156 2884 1328 2917 meliorem
1361 2895 1402 2917 eo
1437 2883 1565 2924 fuisse,
1602 2895 1622 2917 e
1654 2895 1723 2928 quo

905 2929 1159 2974 Chalcondylas
1177 2929 1332 2964 sumsit.“
1348 2929 1384 2963 id
1402 2929 1510 2973 igitur
1527 2930 1723 2975 exemplum

904 2975 1006 3020 hujus
1038 2976 1197 3011 carminis
1229 2975 1305 3022 ipse
1337 2976 1391 3011 vir
1421 2975 1634 3012 clarissimus
1660 2975 1723 3010 de-

1293 3084 1310 3093 ,-
