1821 3288
122 92 208 134 396
508 94 829 140 ADDENDA
862 97 946 140 ET
975 96 1400 143 EMENDANDA.

121 198 212 246 εύνῇ
242 204 327 244 μαλ.
361 205 396 237 et
419 200 522 244 ἒμπλ.
544 204 712 241 anaim:
743 207 796 241 his
820 207 877 242 ille
902 209 1017 242 verbis
1047 209 1244 254 dispositis,
1279 212 1504 257 ponendoque
1528 210 1583 246 ἔνι
1605 214 1641 246 et
1671 211 1716 246 de
1739 225 1777 248 se

121 248 279 282 addendo
308 250 376 291 κῆρ
391 273 400 290 ,
426 250 557 284 extudit
578 252 818 287 hexametrum.
838 273 883 278 —
931 256 1011 289 514.
1041 267 1135 288 ann.:
1158 255 1308 299 ,,οἶλλᾶ,
1331 260 1501 294 saltem.“
1536 269 1603 292 non
1631 269 1717 303 opus
1734 272 1775 293 eu

119 304 241 332 sensu,
264 295 323 328 sed
340 295 540 339 simpliciter
561 298 644 331 haec
675 299 798 341 opponi
818 299 978 332 videntur
1003 300 1248 345 superioribus.

175 385 182 392 ι
217 344 270 381 Ψ,
297 343 352 376 10.
375 341 418 374 cf.
445 353 521 375 ann.
541 344 581 376 ad
613 342 662 386 ρ’,
687 345 741 379 38.
764 361 808 369 -
857 346 909 378 14.
938 357 1033 380 anm:
1058 345 1140 390 ,,χ’,
1177 348 1286 382 124.“
1323 359 1412 383 scr.:
1438 347 1500 392 φ’,
1535 348 1612 383 1Ξ4.
1641 348 1685 383 de
1704 361 1718 383 ι
1740 353 1777 384 et

120 397 140 419 ο
161 384 286 419 litteris
311 387 487 431 perminis
507 389 550 421 cf.
571 390 625 425 75.
649 408 692 414 -
715 390 769 424 15.
795 391 998 426 δεύοντο
1022 399 1136 435 ψαμ.,
1163 393 1369 430 δεύοντο
1395 400 1461 428 etc.
1492 395 1656 438 epimone.
1683 406 1716 427 v.
1737 395 1775 436 ι’,

116 431 203 472 567,
231 431 311 466 584.
337 452 374 457 -
410 436 463 468 16.
484 433 694 475 πόθεον,
717 436 986 480 desiderabant,
1012 450 1118 482 germ.
1143 440 1192 473 sie
1213 441 1411 474 vermissten
1428 442 1498 474 ihu.
1547 441 1591 472 cf.
1619 438 1673 485 β’,
1692 440 1774 482 703,

115 477 184 530 7053>
202 483 267 510 etc.
293 497 338 503 —
383 479 441 514 37.
468 492 545 514 ann.
563 492 646 513 scr.:
673 480 755 522 ,,ξ’,
774 483 889 517 208.“
916 503 959 509 -
991 486 1045 519 75.
1071 487 1151 519 καί
1171 498 1254 529 μοι
1278 486 1365 527 δός
1387 485 1469 529 τὴν
1491 484 1642 530 χεῖρ’]
1663 484 1775 520 σ’-λο-

116 534 210 565 φυρ
226 536 351 567 ομαι.
383 525 462 558 libri
493 532 577 558 vett.
606 537 672 558 uno
698 533 839 561 tenore:
863 530 926 563 καί
948 542 1013 574 μοι
1037 549 1079 555 -
1104 529 1204 574 χεῖρ’
1231 528 1336 574 ostorp.
1361 537 1483 565 neutra
1509 534 1625 566 harum
1647 532 1774 566 oratio-

114 578 192 602 num
209 569 358 614 proficit.
391 577 473 614 apte
497 571 585 604 enim
605 572 732 615 Odyss.
756 573 804 611 λ’,
842 575 922 610 391.
955 577 1213 619 Agamemnonis
1232 578 1361 617 anima,
1387 579 1505 620 agnito
1525 578 1662 621 Ulysse,
1685 588 1772 621 gau-

113 614 198 647 dens
216 621 251 648 et
279 616 482 649 conditionis
508 618 615 650 oblita
635 629 717 650 suae
737 619 884 664 (Odyss.
901 620 951 662 λ’,
976 623 1045 657 203
1059 625 1199 665 -221,
1222 625 1302 665 392,
1321 623 1397 670 93.)
1417 623 1451 656 in
1473 624 1648 667 amplexus
1674 621 1772 656 amici

110 661 201 704 ruit3
225 661 282 694 hic
304 662 421 705 inepte
447 661 645 704 Patroclus,
669 675 735 697 non
756 666 863 709 primo
887 679 1091 709 congressu,
1112 669 1173 701 sed
1190 675 1369 714 postquam
1392 669 1556 702 Achillem
1578 669 1774 713 objurgavit

110 706 155 739 de
188 719 281 740 mora
311 708 532 751 sepulturae,
565 709 614 742 ibi
642 710 773 744 demum
800 724 931 746 manum
953 714 1131 758 porrigere
1158 715 1251 748 illum
1267 717 1387 758 jubet,
1420 725 1518 759 quem
1553 719 1665 749 tamen
1701 726 1772 748 am-

109 752 245 798 plexari
266 764 304 786 se
329 753 521 806 oupientem
544 755 635 799 fugit
664 758 741 789 100.
765 769 828 790 nec
847 760 965 792 melius
991 760 1153 794 cohaeret
1179 759 1427 805 ὀλοφύρομαι.
1455 760 1537 805 quid
1554 760 1686 794 multa?
1709 760 1772 794 de-

109 804 273 843 pravatus
289 825 296 839 ‚
321 811 351 832 si
382 800 468 832 allus
490 801 692 845 quisquam,
717 808 771 836 est
792 804 848 837 hic
863 805 972 846 locus,
995 818 1060 839 nec
1085 806 1187 840 dubie
1203 807 1253 840 sic
1269 807 1491 847 scribendus,
1516 806 1638 838 deletis
1662 806 1772 849 signis

108 844 371 889 parentheseos=
395 864 441 870 —
478 845 599 887 ’Ἄϊδος
624 848 703 890 δώ,
729 851 805 883 Καί
827 863 895 893 μευ
921 851 978 891 δὶς
999 851 1067 896 τήν
1090 852 1181 896 κῆρ’
1206 851 1335 894 dium„
1361 859 1395 887 et
1423 853 1492 892 bis,
1525 851 1598 886 sive
1624 852 1772 895 duplica·-

108 896 183 930 ter,
202 892 324 932 satum
349 903 461 925 meum
488 894 651 937 deploro,
683 900 723 928 ut
753 908 816 940 quo
840 898 911 932 sato
942 904 977 930 et
1002 899 1159 932 secludar
1184 910 1204 932 a
1226 900 1338 942 vivis,
1373 898 1514 932 necdum
1540 897 1701 931 admittar
1726 897 1771 931 ad

107 940 258 970 mortuos
294 937 496 982 insepultus.
532 942 635 984 poeta
671 941 809 986 quidam
849 942 1044 978 Centaurus
1093 947 1183 989 (Der
1219 947 1345 986 Salon,
1389 945 1512 978 Hamb.
1549 943 1651 984 1834,
1684 954 1767 988 pag.

106 983 227 1025 2670:
257 1001 301 1007 —
338 983 426 1024 „Er
458 984 553 1018 lacht
581 986 667 1019 iiber
702 987 766 1020 den
801 989 1060 1032 Aberghuben,
1095 1003 1134 1024 er
1164 992 1310 1036 spottelt
1336 990 1444 1024 selbst
1476 991 1560 1023 uber
1591 989 1656 1022 den
1692 989 1771 1023 flie-

107 1030 241 1074 genden
271 1029 479 1072 Holla'nder,
504 1031 570 1064 den
597 1032 730 1076 ewigen
752 1033 862 1067 Juden
891 1037 952 1069 des
979 1038 1139 1076 Ozeans;
1169 1038 1296 1080 jedoch
1327 1035 1579 1070 unwillkiirlich
1606 1035 1642 1068 in
1670 1035 1768 1068 einen

109 1075 363 1117 wehmiithigen
382 1076 462 1109 Tou
482 1078 702 1120 fibergehend
715 1104 725 1120 ‚
749 1080 916 1114 schildert
941 1093 978 1116 er
991 1107 1001 1123 ,
1025 1083 1092 1117 wie
1113 1083 1198 1126 Myn
1217 1084 1311 1117 Heer
1331 1083 1392 1116 auf
1406 1082 1467 1115 der
1485 1080 1770 1115 unermesslichen

108 1119 366 1154 Wasserwfiste
404 1121 461 1156 die
487 1124 746 1158 unerhortesten
771 1126 898 1159 Leiden
925 1128 1089 1161 erdulden
1114 1132 1244 1169 mfisse,
1276 1129 1342 1162 wie
1363 1128 1436 1162 sein
1462 1127 1547 1160 Leib
1568 1127 1680 1160 nichts
1704 1137 1769 1160 an-

108 1165 188 1199 ders
208 1166 281 1209 sei,
306 1167 355 1200 als
376 1167 431 1200 ein
461 1168 551 1212 Sarg
574 1180 640 1202 von
656 1169 813 1212 Fleisch,
845 1172 954 1205 worin
975 1174 1069 1207 seine
1087 1174 1186 1208 Seele
1205 1175 1280 1208 sich
1300 1173 1478 1217 langweilt
1491 1200 1500 1213 ,
1531 1174 1596 1207 wie
1615 1173 1680 1206 das
1702 1172 1768 1205 Le-

107 1212 172 1247 ben
191 1213 250 1245 ihn
271 1225 339 1246 von
357 1214 430 1246 sich
449 1217 554 1248 sto'sst
572 1215 643 1248 und
669 1217 758 1249 auch
777 1217 838 1250 der
859 1219 933 1252 'rod
947 1219 1007 1252 ihn
1024 1221 1194 1253 abweist“
1221 1226 1288 1253 etc.
1337 1219 1451 1253 Etiam
1461 1219 1590 1262 odyss.
1612 1216 1656 1261 γ’,
1672 1218 1768 1258 35Ο-,

106 1259 139 1291 si
159 1257 334 1299 divinavi,
358 1259 518 1293 librarios
550 1260 678 1295 delusit
698 1261 897 1296 adverbium
923 1264 1002 1306 δὶς,
1026 1265 1182 1310 quamvis
1208 1266 1274 1299 alio
1290 1265 1339 1299 ibi
1364 1276 1464 1298 sensu
1483 1269 1705 1308 usurpatum,
1731 1267 1768 1296 et

106 1304 264 1337 similiter
288 1308 412 1347 χεῖρας
448 1317 513 1350 pro
541 1308 658 1349 κῆρας
682 1308 781 1341 nobis
814 1309 1040 1354 propinarunt
1070 1310 1122 1355 φ’,
1153 1311 1234 1346 548.
1261 1312 1304 1345 de
1327 1325 1339 1345 ι
1365 1316 1400 1345 et
1419 1324 1438 1346 ο
1461 1309 1612 1344 confusis
1637 1309 1682 1342 cf.
1711 1309 1766 1350 14,

106 1349 177 1383 Od.
201 1349 256 1395 β’,
282 1352 367 1392 194,
389 1352 502 1395 hymn.
522 1352 556 1385 in
575 1353 685 1396 Apoll.
710 1354 811 1397 Pyth.
836 1357 924 1396 233,
957 1358 1073 1390 Schol.
1099 1360 1139 1391 Α.
1163 1360 1197 1392 2.
1214 1357 1257 1391 ad
1279 1357 1348 1391 Od.
1380 1355 1428 1400 μ’,
1453 1357 1541 1396 301,
1577 1354 1635 1388 ubi
1660 1357 1768 1396 Μεμ-

103 1395 282 1438 ψὸδωοος
305 1409 483 1442 perperam
507 1397 633 1442 legitur
662 1411 725 1444 pro
752 1403 941 1446 ῙῑῙεμψίδ.,
968 1404 1126 1448 Aeschyl.
1157 1404 1278 1448 Suppl.
1311 1403 1397 1443 477,
1430 1402 1572 1436 Eumen.
1596 1402 1661 1440 45,
1684 1401 1765 1436 442·

104 1460 150 1466 —-
183 1444 260 1477 128.
287 1444 396 1477 malim
425 1442 521 1478 ἔνθα
544 1442 580 1478 τ’
612 1443 703 1488 ’Al-⁵
739 1452 778 1480 ut
806 1447 850 1491 β’,
877 1449 961 1482 594ε
987 1447 1083 1484 ἔνθα
1106 1462 1144 1484 τε
1169 1449 1326 1484 Motum
1350 1454 1417 1483 etc.
1448 1448 1493 1482 de
1524 1460 1545 1490 ρ
1579 1451 1613 1481 et
1637 1459 1657 1480 τ
1686 1458 1767 1492 per-

103 1488 219 1522 mixtis
248 1489 293 1522 ad
319 1490 447 1534 odyss.
481 1489 532 1530 o',
558 1492 612 1524 16.
638 1511 684 1516 -
733 1493 810 1527 148.
835 1494 879 1527 cf.
906 1493 967 1535 θ’,
999 1495 1055 1529 48.
1080 1514 1126 1521 —-
1170 1498 1251 1531 227.
1277 1507 1345 1529 scr.
1363 1495 1466 1539 μέτα.
1501 1512 1547 1518 -
1592 1493 1673 1527 238.
1699 1494 1765 1527 imo

101 1534 339 1577 scribendum,
364 1535 510 1570 numeris
527 1536 775 1571 vividioribus:
800 1539 944 1581 πᾶσαν,
969 1537 1102 1576 ὁπόσσ’
1131 1538 1271 1585 ἑπιέσχε
1296 1546 1363 1575 etc.
1391 1552 1456 1574 non
1481 1538 1585 1573 semel
1600 1538 1765 1573 confude-

101 1585 185 1614 tunt
211 1594 235 1614 α
258 1586 294 1614 et
317 1594 360 1616 ov
381 1588 416 1615 et
440 1583 682 1627 apostrophum
711 1584 954 1627 neglexerunt,
979 1592 1019 1620 ut
1045 1587 1148 1621 facile
1165 1584 1309 1622 ὁπόσσα
1331 1586 1510 1620 transierit
1531 1586 1567 1618 in
1591 1583 1765 1626 ὁπόσσον,

101 1637 170 1670 quo
197 1628 292 1660 facto
327 1639 467 1661 necesse
486 1628 550 1660 fuit
575 1629 654 1673 poni
685 1628 809 1674 ἐπέσχε
833 1632 933 1665 metri
953 1633 1078 1676 gratia.
1104 1634 1147 1667 de
1171 1634 1338 1677 integris,
1364 1645 1428 1666 nec
1450 1631 1562 1670 elisis,
1587 1630 1764 1675 praeposi·
1820 1643 1821 1646 ¹

101 1672 252 1706 tionibus
274 1675 451 1707 verborum
476 1686 507 1706 v.
526 1672 567 1716 τ’,
589 1676 653 1713 75,
688 1676 757 1709 Od.
782 1674 829 1718 δ’,
871 1678 938 1712 Ξ15
957 1685 1024 1712 etc.
1049 1699 1096 1705 ——
1132 1678 1213 1714 244.
1242 1691 1307 1712 scr.
1333 1676 1422 1712 ἄϊδι.
1440 1696 1487 1703 -
1523 1677 1602 1711 273·
1628 1702 1650 1718 η
1666 1677 1712 1714 >⁴
1738 1674 1762 1722 ἦ
1792 1720 1798 1722 ,

100 1720 233 1760 διπλῆ,
267 1716 326 1754 ὅτι
348 1719 390 1754 τὸ
418 1721 676 1765 δεδεγμένα
699 1721 781 1757 ἀντὶ
807 1724 876 1757 τοῦ
899 1723 1194 1768 προσδεχόμενοι,
1228 1723 1323 1759 κατὰ
1348 1722 1566 1767 μεταφορὰν
1588 1718 1663 1757 α’πὸ
1688 1723 1764 1758 τῶν

98 1763 290 1808 ἐμψύχων.
318 1765 432 1800 Schol.
462 1768 504 1799 A.
552 1773 712 1809 manent,
751 1775 954 1813 expectant,
983 1783 1061 1811 υοες
1081 1773 1175 1805 vobis
1196 1776 1390 1805 seruantur.
1437 1774 1523 1814 Ap.:
1553 1769 1762 1813 δεδεγμένα.

99 1810 357 1853 ἀναμένοντα,
389 1811 672 1856 προσδεχόμευα.
696 1814 854 1849 similiter
881 1816 1016 1850 Eust.“
1062 1819 1117 1851 Ex
1144 1817 1192 1850 Η.
1217 1835 1262 1843 -
1297 1818 1378 1852 307.
1403 1835 1448 1841 --
1483 1816 1764 1856 ἱπποσύνας

99 1857 626 1901 ἐδίδαξανΠαντοίας·
649 1860 708 1904 τῷ
731 1862 815 1895 καί
840 1872 886 1896 σε
910 1864 1194 1907 διδασκέμεν
1219 1861 1326 1898 οὕτι
1349 1861 1474 1906 μάλα
1496 1859 1628 1904 χρεώ.
1651 1862 1709 1895 vix
1727 1867 1764 1896 et

100 1916 145 1940 ne
162 1905 219 1938 vix
241 1906 376 1948 quidem
392 1905 564 1946 adducor,
589 1910 648 1949 ut,
673 1906 722 1940 ita
741 1907 887 1942 locutum
913 1921 990 1942 esse
1007 1910 1202 1950 Homerum,
1224 1909 1431 1950 existimem,
1455 1907 1516 1942 sed
1535 1909 1621 1949 hoc,
1645 1908 1679 1941 ni
1697 1908 1762 1941 fal-

98 1951 172 1992 lor,
202 1951 308 1985 dixit:
335 1971 380 1976 -—
418 1952 627 1993 ἱπποσύνας
651 1963 710 1986 σοι
737 1953 890 1996 ἔδειξαν.
914 1955 1117 1998 scripserint
1144 1957 1306 1989 continue
1326 1954 1760 1995 ἱπποσυνασσοιεδειξανε

100 1997 181 2031 hinc
202 1998 330 2031 factum
354 2003 391 2032 ut
409 1999 553 2032 alterum
583 2010 602 2032 6
618 1999 869 2044 negligeretur,
895 2000 1017 2035 deinde
1046 2002 1244 2047 permutatis
1269 2002 1358 2034 inter
1375 2012 1432 2042 se,
1463 2007 1504 2035 ut
1534 2011 1640 2044 saepe
1663 2000 1761 2042 alias,

102 2055 124 2079 ο
149 2051 184 2076 et
206 2056 243 2085 ε,
268 2044 416 2088 itemque
445 2058 460 2080 ε
483 2050 520 2077 et
548 2058 561 2079 ι
580 2045 725 2086 litteris,
762 2047 922 2091 quodque
946 2055 1050 2091 caput
1077 2051 1131 2081 est
1157 2049 1178 2081 δ
1209 2048 1399 2091 perscripto
1431 2059 1494 2091 pro
1527 2059 1553 2088 ι,
1596 2047 1761 2090 quemad-

101 2089 235 2124 modum
257 2090 385 2132 Odyss.
405 2090 450 2134 η’,
480 2092 535 2126 69.
557 2090 773 2126 τοκάδεσσιν
794 2093 974 2137 legendum
994 2099 1066 2133 est,
1106 2093 1136 2126 si
1156 2093 1402 2134 divinavimus,
1425 2105 1487 2138 pro
1506 2104 1544 2126 τε
1567 2092 1630 2126 καὶ
1651 2090 1761 2132 ἐστὶν,

102 2136 270 2170 existeret
303 2136 478 2180 inelegans
508 2137 601 2170 istud
634 2137 821 2180 ἐδίδαξαν.
860 2151 940 2173 usus
971 2140 1066 2173 verbi
1097 2138 1287 2174 δεικνύναι
1318 2151 1420 2173 sensu
1445 2138 1589 2172 docendi
1615 2149 1681 2171 non
1707 2143 1762 2171 est

101 2184 285 2217 obscurus:
309 2193 342 2214 v.
372 2183 504 2216 indices
527 2184 726 2228 Euripidis,
751 2185 991 2228 Aristophanis
1011 2192 1077 2219 etc.
1104 2204 1148 2210 -—
1195 2185 1274 2220 344.
1301 2187 1345 2220 εἰ
1366 2185 1448 2229 γάρ
1473 2181 1513 2218 κ’
1537 2182 1588 2219 ἐν
1611 2182 1760 2229 νύσσῃ

100 2241 152 2271 γε
175 2227 324 2270 παρὲξ
347 2226 486 2275 ἐλάσῃ
499 2232 590 2263 σθα
610 2229 803 2264 διώκων.
852 2233 987 2275 Heyn.,
1013 2232 1195 2264 secundum
1219 2232 1431 2276 Berglerum:
1458 2233 1488 2265 si
1515 2231 1604 2264 enim
1630 2231 1761 2263 adme-

99 2280 176 2309 tam
193 2280 453 2318 praetervectus
470 2277 586 2317 fucris
611 2288 752 2321 urgens.
785 2283 822 2310 at
843 2278 898 2310 hic
922 2289 989 2310 non
1013 2278 1126 2320 agitur
1147 2288 1268 2311 cursus
1293 2278 1337 2311 ad
1361 2284 1502 2319 metam,
1532 2276 1594 2309 sed
1626 2287 1647 2309 a
1668 2281 1761 2310 meta

99 2325 194 2356 retro
221 2321 263 2353 ad
286 2332 388 2355 maro.
408 2328 588 2365 praeterea
603 2333 665 2355 nec
686 2323 794 2356 verba.
819 2321 857 2357 ἐν
882 2321 998 2366 νύσσῃ
1017 2324 1212 2366 significare
1231 2329 1375 2368 possunt
1395 2325 1443 2358 ad
1461 2327 1607 2363 metam,
1630 2333 1704 2363 nec,
1728 2322 1766 2355 si'

100 2373 261 2411 possent,
287 2374 493 2410 congrueret
524 2368 591 2401 illis
611 2366 652 2402 τὸ
675 2368 800 2411 παρέξ.
824 2370 905 2414 quid
927 2369 1061 2402 multa?
1084 2370 1228 2402 affectus
1253 2376 1307 2402 est
1328 2370 1383 2403 hic
1405 2371 1498 2403 locus
1525 2374 1561 2402 et
1593 2368 1642 2401 sic
1668 2368 1759 2402 haud

99 2413 203 2446 dubie
220 2412 444 2446 scribendus:
472 2413 505 2447 εἰ
525 2411 595 2457 γάρ
619 2427 658 2449 κε
681 2415 840 2459 νύσσης,
864 2415 919 2449 vel
943 2414 1104 2457 νύσσην,
1128 2427 1167 2459 γε
1185 2429 1221 2448 π.
1245 2427 1272 2448 ε.
1289 2417 1344 2457 δ.,
1367 2427 1451 2448 nam
1469 2416 1499 2448 si
1517 2419 1642 2448 metam
1654 2425 1760 2457 prae-

97 2464 269 2492 tervectus
284 2460 398 2500 fueris
424 2460 530 2493 citato
553 2472 665 2494 cursu.
706 2461 863 2495 adhaesit
879 2462 933 2507 τῷ
955 2459 994 2495 n}
1017 2462 1134 2495 littera
1151 2462 1291 2495 initialis
1304 2462 1403 2495 verbi
1417 2459 1574 2504 νύσσης,
1600 2473 1618 2500 ς
1646 2464 1758 2496 autem

96 2504 171 2537 sive
202 2517 223 2537 ν
247 2505 282 2538 in
302 2518 315 2538 ι
342 2506 548 2549 adscriptum
571 2507 730 2549 transiit,
762 2513 800 2541 ut
831 2509 967 2552 passim.
992 2527 1037 2533 —
1084 2508 1171 2549 355,
1205 2510 1237 2543 6.
1267 2519 1334 2541 scr.
1368 2505 1449 2547 ἔπ’,
1474 2506 1545 2541 ἔπι.
1584 2525 1630 2531 -
1676 2506 1756 2540 381.

96 2549 176 2585 ἐπ’
202 2548 332 2594 αύτῷ
355 2551 443 2593 γὰρ
468 2552 688 2595 κεφαλάς
712 2553 984 2589 καταθέντε
1008 2554 1268 2598 πετέσθην,
1300 2566 1381 2587 uam
1410 2555 1455 2587 acl
1476 2555 1570 2587 illum
1589 2552 1758 2595 capitibus

97 2597 252 2631 demissis
273 2599 459 2636 volabanw
482 2599 636 2632 demissis
658 2611 755 2644 cap.,
784 2612 876 2633 more
896 2611 1061 2644 equorum
1077 2599 1288 2633 velocissime
1308 2599 1525 2633 currentium.
1541 2598 1646 2632 minus
1665 2603 1758 2630 recte

95 2641 301 2686 Bet-glerus:
340 2645 510 2688 capitibus
539 2647 732 2688 protensis,
769 2646 886 2691 inepte
924 2651 1034 2679 autem
1061 2646 1260 2679 novissimus
1293 2645 1480 2690 interpres:
1518 2655 1618 2688 super
1646 2644 1757 2687 ipsum

94 2689 184 2722 enim
211 2690 381 2732 capitibus
413 2691 588 2733 repositis,
605 2693 790 2733 volabant,
823 2703 898 2725 cum
915 2692 1024 2726 verba
1054 2690 1114 2726 ἐπ’
1140 2690 1241 2735 αὐτῷ
1266 2693 1411 2725 referret
1433 2692 1477 2725 ad
1500 2691 1635 2724 καταθ.
1659 2700 1754 2730 κεφ.,

95 2745 171 2767 cum
197 2735 391 2778 pertineant
416 2736 459 2769 ad
485 2749 564 2770 πετ.
590 2756 634 2761 -—
674 2737 754 2774 409.
776 2737 1015 2782 φέριστοι,
1041 2739 1171 2782 optimi.
1188 2738 1472 2778 blandimentum,
1496 2736 1581 2770 nihil
1599 2734 1754 2779 amplius.

95 2780 184 2813 male
206 2781 434 2824 interpretes:
463 2783 775 2826 praestantissimi,
800 2796 887 2829 quos
917 2795 1022 2828 equos
1039 2784 1251 2818 tardissimos
1272 2784 1365 2817 dicat
1383 2784 1513 2817 Nestor
1532 2783 1618 2821 310,
1642 2780 1756 2813 senio·

94 2836 150 2859 res
174 2826 350 2860 Menelaus
374 2827 453 2863 445.
475 2848 517 2853 -
546 2829 613 2864 477
651 2830 827 2865 Boisson.:
853 2832 1016 2874 κεφαλῆς
1038 2828 1079 2865 ’ἐκ
1105 2831 1138 2864 δ.
1165 2829 1197 2865 ὅ.
1225 2841 1337 2863 verum
1356 2841 1399 2863 ne
1422 2829 1472 2862 sic
1491 2827 1625 2872 quidem
1643 2826 1756 2871 placet

97 2872 184 2905 haec
204 2873 398 2917 scriptura,
419 2873 479 2906 sed
505 2875 751 2909 restituendum
775 2877 924 2911 arbitror
947 2875 1163 2919 ἐκδέρκεται.
1199 2895 1245 2901 -
1291 2875 1370 2910 481.
1395 2873 1559 2921 quomodo
1589 2870 1754 2916 εὔληρα,

95 2917 126 2949 εἰ
153 2928 221 2950 vox
249 2919 334 2952 haec
367 2919 525 2954 derivata
551 2925 625 2962 est,
651 2926 688 2955 ut
712 2921 868 2964 videtur,
893 2923 936 2956 ab
954 2922 1092 2958 εἱλεῖν-7
1115 2922 1232 2956 Schol.
1255 2921 1314 2955 A.:
1346 2939 1392 2948 --
1425 2919 1499 2955 ἔστι
1521 2917 1562 2963 δὲ
1585 2917 1688 2964 παρὰ
1711 2917 1754 2953 τό

98 2962 181 2999 all&
208 2963 334 3010 εἵκὶηρα
359 2965 422 3002 καὶ
445 2965 598 3012 εὔληρα,
625 2968 735 3014 δηλοῖ
757 2966 799 3004 δὲ
821 2967 868 3006 τοὶ
892 2967 990 3014 ἠνία.
1019 2969 1128 3005 idem:
1153 2967 1212 3004 ὅτι
1238 2963 1468 3013 Ἡρωδιανὸς
1496 2965 1559 3002 καὶ
1581 2963 1641 3002 ἐπὶ
1664 2965 1754 3012 ἱμα-
