1821 3288
424 50 760 127 *ADDENDA
795 83 876 126 ET
905 82 1328 127 EMENDANDA.
1630 85 1715 126 397

61 195 146 232 τίου
169 196 231 232 καὶ
255 195 313 232 ἐπὶ
334 196 472 237 δεσμοῦ
489 195 668 230 τίθεσθαί
683 207 775 240 φησι
792 193 860 240 τὴν
882 194 997 238 λέξιν,
1022 205 1110 240 quae
1128 194 1244 228 itidem
1262 195 1307 229 illi
1329 195 1494 230 notationi
1512 198 1716 239 congruunt.

62 249 208 288 apparet
233 248 364 283 autem,
389 242 497 276 fuisse
523 242 645 285 codd.,
685 243 719 275 in
739 243 862 286 quibus
897 242 1059 287 scriptum
1092 244 1184 274 esset
1214 242 1350 282 εἴληφα.
1372 243 1407 275 id
1427 241 1606 287 genuinum
1625 241 1718 273 arbi-

62 294 146 323 tror.
170 310 214 315 —
238 288 430 335 βέβηκε,
451 287 598 321 vehitur.
627 307 668 312 -
691 289 771 322 483.
799 288 968 321 divinavit
985 289 1120 333 Ηο)·ῃ.,
1145 288 1333 331 ponendum
1362 300 1437 321 esse
1461 283 1565 322 νείκε’
1583 285 1716 327 ἄριστε.

61 334 95 368 id
123 338 288 368 monstrat
316 333 495 377 Harlejani
522 338 556 366 et
580 332 721 367 alterius
750 334 963 367 Moscuensis
987 334 1157 378 scriptura
1183 334 1305 377 νείκη,
1331 344 1394 366 nec
1420 335 1583 367 abhorret
1608 333 1719 376 ipsum

61 382 192 418 νείκει,
216 390 290 411 cum
321 384 435 412 notum
462 379 529 422 sit,
564 378 762 422 permisceri
790 379 900 412 solere
918 393 941 423 η
967 384 1002 412 et
1031 392 1084 419 ει,
1115 378 1158 411 de
1190 390 1255 422 quo
1282 390 1356 411 cum
1377 379 1461 412 alias
1488 379 1717 424 exposuimus,

61 430 130 459 tum
159 425 193 458 in
226 424 319 458 hisce
346 425 521 458 Addendis
551 436 627 457 ann.
657 425 700 457 ad
729 422 783 465 κ’,
819 425 898 460 466.
936 425 1036 459 nimis
1069 423 1280 458 confidenter
1307 425 1545 457 Aristarchus:
1585 428 1717 464 νεῖκος.

61 476 158 504 recte
193 473 305 503 tamen
337 476 373 504 et
400 471 458 503 ille
485 470 647 515 probavit
670 470 922 513 accusativum,
947 470 1224 516 quemadmodum
1250 468 1350 505 εἶδος
1376 467 1499 509 ἄριστε
1522 469 1574 512 γ’,
1606 472 1665 505 39.
1684 473 1721 503 et

33 552 38 555 Α
59 515 182 549 similia
201 515 359 550 dixerunt
389 516 443 549 hic
463 521 578 549 noster
597 520 631 548 et
651 516 849 560 scriptores.
873 535 919 542 ·—
965 516 1046 551 513.
1065 516 1166 550 scrib.
1185 514 1286 552 ἔλυεν
1304 513 1377 560 ὕφ’
1404 517 1550 554 ἵππους.
1570 535 1611 539 -
1637 517 1718 551 517.

61 560 262 603 ἄνακτα,
289 563 482 604 dominum,
515 572 745 606 possessorem
770 563 847 606 equi
868 566 903 595 et
929 573 1059 596 currus.
1080 562 1130 596 sie
1150 564 1252 597 ναῶν
1275 560 1438 602 ἄνακτας
1463 561 1548 595 dixit
1566 563 1719 604 Aeschy-

59 607 113 641 lus
136 607 233 640 Pers.
271 610 340 644 356
366 614 431 642 etc.
465 627 505 632 —
556 606 634 641 539.
661 619 747 642 scr.:
774 607 923 643 ἐκέλευε.
956 627 1000 633 --
1049 609 1127 642 542.
1151 605 1327 652 Ἀχιλῆα
1352 610 1462 654 δίκῃ
1486 605 1718 651 ἠμείψατ’

59 651 279 694 ἀναστάς.
306 654 480 687 serendum
500 654 602 699 δίκῃ,
634 665 698 687 nec
716 657 828 687 tamen
851 655 999 688 deterius
1018 654 1109 687 foret.
1138 655 1221 699 διχῆ
1246 654 1326 695 civ„
1358 667 1507 690 seorsum
1540 665 1561 686 a
1592 653 1720 686 ceteris

59 711 226 744 surgens,
250 699 487 743 διχοστατῶν.
519 699 562 733 de
585 711 606 732 κ
631 705 667 733 et
692 712 712 743 χ
735 700 862 733 litteris
886 700 1035 734 confusis
1061 712 1094 733 v.
1125 712 1201 734 ann.
1233 702 1274 735 ad
1293 703 1348 736 75.
1373 721 1419 726 —
1465 701 1545 735 576.
1571 695 1615 739 ἔς
1640 699 1720 742 με’-

58 757 147 780 σον
180 743 511 789 ἀμφοτέροισι
537 744 817 780 δικάσσατε.
845 746 877 778 h.
901 758 929 779 e.
959 745 997 779 ἐν
1020 745 1119 789 μέσῳ
1145 744 1384 792 οἷμφοτὲρων,
1421 747 1512 780 inter
1538 751 1720 788 utrumque

58 798 223 827 nostrum.
251 792 415 826 falluntur
435 791 657 825 scholiastae.
681 791 826 825 -ΰ27,
857 792 900 826 cf.
929 792 1007 826 772.
1031 811 1076 815 -
1101 794 1179 826 637.
1208 806 1282 828 ann.
1312 806 1378 830 scr.
1407 793 1546 837 Phyteo.
1569 810 1613 816 —
1638 792 1718 825 640.

59 840 270 880 lelanto,
294 843 516 883 supererant,
551 842 670 880 utpote
693 837 729 870 in
765 843 915 870 extremo
938 844 1008 871 tum
1035 838 1218 872 certamine
1246 851 1365 873 cursus
1385 838 1576 884 equestris,
1601 848 1621 870 a
1647 845 1718 881 quo

58 882 115 917 hic
129 889 314 928 coeperunt
344 884 426 917 ludi.
453 902 493 908 —
545 884 624 917 745.
648 895 726 916 ann.
758 894 846 916 scr.:
872 895 937 923 ‚‚v.
958 881 1008 925 ξ’,
1034 882 1122 923 230,
1149 885 1208 927 φ’,
1232 885 1324 920 41.“
1345 904 1389 911 —-
1435 884 1514 920 766.
1544 895 1612 917 scr.
1645 882 1717 917 ἔπι.

57 947 102 953 -—
128 931 207 964 800.
227 930 316 974 quod
335 930 376 962 ad
394 929 529 972 Heynei
549 929 779 972 quaestionem
807 928 896 961 illam
922 929 1063 968 attinet,
1088 932 1284 974 usurpanda
1304 932 1392 965 haud
1416 929 1518 963 dubie
1537 934 1590 963 est.
1606 929 1719 973 figura

57 973 154 1016 πρὸς
176 973 216 1010 τὸ
243 974 397 1019 νοητόν,
423 975 466 1007 de
494 986 562 1018 qua
580 985 653 1007 cum
676 973 780 1013 alias,
805 979 877 1006 tum
899 975 943 1006 ad
961 973 1021 1014 π’,
1044 976 1124 1008 281.
1155 978 1283 1010 amicus
1304 979 1431 1016 amico,
1459 975 1637 1019 superstiti
1661 976 1718 1008 fu-

57 1026 154 1061 turo,
177 1033 239 1054 sua
269 1021 377 1054 omnia
398 1021 587 1062 legaverat.
611 1038 657 1043 —
694 1020 773 1054 871.
796 1015 855 1059 ὥς
879 1019 1065 1054 ἴθυνεν.
1091 1021 1121 1054 b.
1146 1033 1195 1064 e.‚
1214 1023 1247 1055 ni
1268 1023 1388 1061 fallor,
1416 1019 1466 1060 ὤς
1489 1033 1544 1060 τις
1567 1021 1643 1061 ἰ’θ.,
1671 1026 1712 1054 ut

57 1067 182 1110 aliquis
198 1068 286 1100 solet
305 1067 458 1110 dirigere
477 1066 648 1111 sagittam
660 1088 671 1107 ‚
695 1070 795 1109 gestu
811 1065 972 1110 sagittam
993 1066 1184 1110 dirigentis.
1209 1068 1333 1114 ellipsis
1351 1068 1499 1102 usitata:
1523 1078 1555 1101 v.
1574 1063 1617 1110 σ’,
1634 1067 1716 1108 362,

57 1112 186 1157 Odyss.
220 1111 268 1154 ε’,
296 1110 365 1146 400
390 1116 454 1144 etc.

149 1160 205 1199 Ω,
246 1159 298 1192 12.
339 1156 599 1191 δινεύεσκε.
623 1167 656 1189 v.
686 1168 764 1190 ann.
799 1156 842 1191 ad
868 1156 948 1192 454.
983 1177 1049 1199 --,
1078 1160 1134 1193 19.
1170 1158 1281 1192 malim
1322 1155 1485 1202 ἄεικιήν,
1521 1161 1562 1192 ut
1588 1159 1654 1202 Ap.
1680 1169 1716 1192 v.

57 1201 229 1245 ἇεικίζειν
253 1209 287 1237 et
312 1203 425 1236 Schol.
459 1203 501 1236 ad
529 1200 587 1244 π’,
608 1202 695 1240 545,
721 1214 821 1246 quam
849 1204 1052 1248 scripturam
1081 1205 1180 1238 Eust.
1205 1215 1339 1249 quoque
1368 1206 1651 1240 commemoravit.
1678 1215 1714 1238 v.

56 1248 113 1291 α’,
134 1251 225 1293 205,
250 1247 310 1292 η’,
331 1251 421 1292 198,
454 1248 579 1292 odyss.
607 1246 657 1287 ο’,
683 1249 773 1290 394,
807 1249 948 1283 inferius
977 1250 1044 1283 Od.
1065 1249 1120 1295 β’,
1150 1249 1220 1285 345
1247 1256 1314 1284 etc.
1343 1270 1387 1275 —
1434 1253 1491 1285 21.
1523 1262 1600 1283 ann.
1624 1260 1713 1283 εει-,ε

56 1297 168 1339 ,,ἲ’να
191 1316 236 1321 -
261 1295 383 1331 ἓλκ.“
408 1314 453 1320 ·-
484 1294 541 1330 42.
563 1294 664 1329 ἐπεὶ
690 1290 755 1335 c'z'p.
785 1295 869 1328 haec
898 1307 964 1329 non
993 1297 1139 1338 habent,
1165 1308 1231 1340 quo
1267 1296 1478 1330 referantur.
1505 1297 1715 1329 scribamus:

57 1341 140 1377 ὅστ’
167 1341 363 1384 ἐπίκαρ,
386 1353 461 1384 μεγ.
486 1360 531 1366 -
555 1341 674 1382 εἴξας,
704 1337 778 1374 εἷσ’
803 1347 870 1374 etc.
904 1340 1056 1384 ἐπίκαρ,
1088 1343 1276 1387 praecipiti
1301 1355 1410 1376 cursu.
1441 1354 1475 1376 v.
1502 1353 1577 1375 ann.
1601 1342 1643 1376 ad
1662 1341 1714 1383 π’,

55 1389 144 1424 392.
173 1406 217 1413 -
247 1391 302 1422 90.
332 1387 415 1420 imo:
442 1407 485 1412 —
514 1390 634 1426 κεῖνος
659 1383 735 1420 ἅνω
760 1397 821 1429 γε,
847 1388 881 1420 h.
902 1399 932 1421 e.
952 1387 1072 1427 κεῖνός
1095 1400 1135 1432 γε
1160 1387 1258 1427 ἅνω,
1293 1389 1330 1421 ἰη
1362 1390 1491 1428 altum,
1514 1388 1549 1421 in
1569 1388 1712 1430 coelum,

54 1435 229 1468 intellecto
247 1445 288 1466 ex
314 1432 547 1476 superioribus
574 1431 702 1467 καλέει.
727 1433 836 1465 malim
866 1444 1001 1476 quoque
1034 1435 1111 1468 αἰδ.
1136 1433 1182 1477 δή
1198 1459 1207 1474 ,
1232 1445 1307 1467 cum
1332 1445 1453 1467 sensus
1481 1434 1615 1477 gratia,
1640 1439 1711 1467 tum

55 1492 99 1514 ne
124 1481 178 1514 bis
204 1491 312 1524 parvo
338 1478 520 1511 intervallo
552 1478 687 1521 legatur
718 1477 768 1512 δέ.
797 1496 842 1501 -
893 1480 969 1513 119.
994 1491 1080 1513 scr.:
1106 1479 1153 1515 τά
1177 1492 1226 1514 κε.
1251 1500 1298 1505 -
1344 1482 1425 1514 221.
1455 1479 1712 1516 θυοσκόοι.

55 1527 101 1560 cf.
125 1537 202 1560 ann.
230 1525 274 1558 ad
302 1524 371 1558 Od.
399 1522 458 1567 φ’,
486 1524 563 1559 145.
587 1528 673 1568 Ap.:
702 1522 903 1562 θυοσκόος.
928 1523 1028 1566 εἶδος
1050 1525 1236 1569 μάντεως,
1260 1523 1280 1560 ὁ
1307 1525 1371 1560 διοὶ
1395 1525 1581 1569 θυμάτων
1598 1522 1619 1572 ἢ
1637 1529 1712 1561 fiv-

52 1571 248 1616 μιαμάτων
269 1572 387 1610 nonin,
423 1567 443 1605 ὅ
473 1568 547 1604 ἐστι
574 1569 733 1610 συνιεὶς,
757 1569 802 1604 τά
826 1570 1014 1612 μέλλοντα.
1039 1591 1084 1597 -
1107 1573 1186 1607 223.
1215 1583 1281 1605 scr.
1309 1571 1517 1614 ἐσέδρακον.
1551 1592 1597 1598 -——
1627 1574 1711 1608 226.

53 1629 118 1652 scr.
147 1620 488 1652 κατακτείνειεν-
508 1618 587 1650 227.
619 1616 738 1658 ἐπὴν
768 1614 880 1659 γόου
907 1618 954 1659 ἐξ
983 1617 1098 1662 ἔρον
1124 1620 1197 1664 εἴη
1209 1631 1238 1652 ν.
1266 1629 1298 1651 v.
1332 1631 1408 1652 ann.
1436 1620 1479 1652 ad
1502 1617 1552 1662 ρ’,
1579 1620 1635 1653 38.
1666 1636 1711 1644 --

51 1665 132 1699 318.
156 1676 242 1697 scr.:
275 1660 415 1707 κληῖσ’.
440 1663 578 1706 saepius
598 1662 659 1695 boc
678 1663 709 1695 in
734 1674 860 1706 genere
879 1675 1004 1708 operae
1021 1671 1194 1700 errarunt.
1218 1683 1259 1688 —-
1277 1665 1355 1700 538.
1378 1668 1446 1710 Πη
1460 1668 1476 1699 λ
1489 1667 1567 1700 εἰσ)
1581 1663 1709 1700 νάδε.

51 1716 238 1744 monstrum
268 1710 364 1743 verbi
390 1719 462 1741 cum
493 1708 623 1752 duplici
652 1716 818 1747 accentu,
844 1720 986 1750 quorum
1015 1713 1111 1755 prior
1130 1716 1287 1756 quartam
1317 1723 1337 1744 a
1366 1712 1436 1744 fine
1459 1712 1624 1755 syllabam
1648 1723 1708 1744 oc-

52 1762 177 1800 cupat,
201 1756 290 1800 quod
317 1765 478 1799 nusquam
506 1754 558 1786 fit.
580 1760 760 1798 praeterea
788 1755 871 1788 illud
906 1757 993 1791 -δε
1017 1769 1083 1790 non
1104 1760 1192 1791 solet
1217 1757 1374 1801 usurpari
1404 1758 1437 1790 in
1458 1758 1625 1791 hominum
1646 1769 1710 1791 no-

52 1801 194 1836 minibus
225 1801 393 1846 propriis3
417 1811 481 1833 nec
503 1800 685 1843 conjuncta
709 1800 795 1834 haec
817 1807 914 1834 erant
938 1801 972 1836 in
1002 1803 1154 1846 antiquis
1180 1802 1298 1844 libris,
1331 1803 1392 1836 sed
1422 1803 1602 1847 legebatur
1626 1806 1709 1847 Πη-

52 1847 188 1881 λείωνά
213 1850 253 1882 δε
278 1847 363 1892 (sic)
378 1871 388 1888 ,
411 1852 449 1879 ut
467 1851 625 1879 auctores
645 1852 725 1879 suut
749 1847 960 1882 Scholiastae
978 1849 1103 1883 Veneti
1130 1854 1166 1882 et
1192 1848 1420 1883 Victorianus.
1445 1851 1602 1894 profecto
1619 1852 1708 1883 scri-

51 1893 197 1927 bendum
221 1898 294 1927 est:
319 1894 406 1936 πρὶν
430 1891 627 1936 Πηλείωνα
649 1890 685 1937 γ’
712 1892 869 1927 ἱκέσθαι.
893 1893 937 1926 de
957 1895 1106 1929 confusis
1133 1909 1154 1940 γ
1179 1900 1214 1929 et
1237 1896 1260 1930 δ
1283 1895 1409 1929 litteris
1439 1907 1473 1929 v.
1505 1907 1583 1930 ann.
1602 1896 1647 1928 ad
1665 1893 1707 1938 ε’,

49 1941 131 1974 288.
157 1958 204 1965 —-·
236 1939 316 1973 390.
346 1949 468 1973 vereor
494 1944 531 1971 ut
565 1938 649 1972 haec
674 1950 757 1972 sana
788 1939 875 1980 sint,
899 1942 1102 1986 malimque=
1135 1943 1246 1986 πειρᾷ
1268 1941 1388 1984 ἐμεῖο,
1412 1940 1558 1987 γεραί’,
1583 1939 1633 1981 ὥς
1657 1943 1708 1977 εἴ·

50 1998 133 2028 ρεαι
154 1990 221 2020 etc.
248 1982 298 2025 ὥς
321 1991 355 2019 et
378 1984 439 2020 καὶ
464 1985 626 2025 confusa,
651 1989 690 2017 ut
716 1985 782 2018 od.
806 1986 855 2027 ξ’,
879 1986 946 2021 388
977 1993 1012 2020 et.
1036 1987 1131 2021 alias.
1161 1988 1340 2021 dissimilia
1364 1994 1462 2030 suut,
1485 2000 1573 2033 quae
1593 1989 1707 2031 Heyn.

49 2037 211 2072 excusat,
238 2031 308 2065 ista
335 2032 403 2066 Od.
434 2028 488 2070 δ’,
525 2031 622 2065 119.=
646 2027 671 2075 ἢ
694 2030 816 2074 πρῶτ’
842 2031 1042 2076 ἐξερέοιτο,
1073 2033 1208 2069 ἕκαστά
1230 2046 1268 2068 τε
1291 2033 1521 2078 πειρήσαιτο.
1548 2053 1591 2060 --
1623 2035 1704 2069 425.

47 2088 125 2111 sero
144 2077 322 2121 intelligo,
348 2076 563 2111 scribendum
590 2088 666 2110 esse
693 2079 891 2120 δίδοσθαι,
918 2079 1009 2113 sicut
1034 2079 1262 2124 ζεύγνυσθαι
1285 2079 1328 2115 π’
1345 2106 1354 2121 ,
1379 2082 1465 2121 145,
1490 2081 1548 2114 ubi
1573 2092 1605 2114 v.
1626 2093 1704 2115 ann.

47 2123 133 2157 vicit
151 2123 390 2168 interpretatio
419 2121 586 2164 διδόναι,
610 2134 709 2167 quam
736 2124 850 2158 versui
869 2124 1129 2170 adaptaverunt.
1151 2147 1197 2152 —
1214 2125 1293 2162 454.
1316 2124 1704 2172 ἐπιρῤήσσεσκον.

45 2168 150 2214 paulo
170 2169 383 2215 frequentior
402 2170 466 2204 hoc
483 2168 571 2202 libro
588 2180 686 2213 quarn
706 2170 791 2203 alias
813 2175 866 2203 est
889 2182 970 2205 usus
1002 2172 1167 2216 ejusmodi
1188 2174 1390 2207 formarum:
1416 2186 1450 2209 v.
1471 2176 1531 2215 12,
1563 2175 1617 2216 13,
1646 2174 1704 2216 15,

47 2216 116 2259 17,
146 2216 209 2259 23,
246 2216 311 2256 24,
347 2218 434 2257 109,
465 2216 557 2257 258,
588 2217 678 2256 455,
711 2217 799 2258 472,
828 2217 916 2259 607,
939 2218 1031 2259 752,
1056 2220 1136 2254 755.
1163 2238 1208 2244 -·
1254 2221 1333 2254 516.
1360 2220 1536 2263 Tyrtaeus
1557 2221 1595 2259 1,
1621 2221 1704 2255 23.=

45 2256 118 2305 ἤδη
142 2259 272 2297 λευκὸν
297 2261 426 2305 ἔχοντα
448 2260 564 2306 κάρη,
589 2260 720 2297 πολιόν
743 2275 782 2297 τε
805 2263 955 2305 γένειον.
989 2282 1033 2288 -
1063 2266 1142 2300 585.
1171 2276 1237 2298 scr:
1262 2262 1400 2309 Ἀχιλῆϊ.
1425 2283 1470 2291 --
1494 2265 1572 2301 608.
1599 2277 1704 2309 asyn-

46 2306 441 2362 detonuepexegeticum.
469 2327 516 2333 ——-
562 2310 641 2342 670.
672 2307 830 2353 σχήσω
862 2309 949 2352 γάρ
980 2308 1140 2345 τόσσον
1175 2310 1367 2355 πόλεμον
1398 2311 1583 2355 χρόνον,
1624 2311 1704 2348 ὅσ-

46 2363 112 2388 σον
137 2365 290 2399 ανωγας.
313 2359 366 2388 tot
387 2357 522 2399 poetam
544 2354 814 2390 homoeoteleuta
841 2356 1019 2397 intulisse,
1055 2357 1113 2390 ubi
1132 2357 1267 2391 minime
1285 2369 1370 2402 opus
1383 2360 1500 2393 esset?
1527 2371 1609 2393 cave
1628 2370 1705 2393 cre-

45 2397 131 2440 das,
154 2400 214 2434 sed
235 2400 300 2434 hoo
328 2400 416 2434 dixit
444 2400 564 2445 procul
595 2400 719 2435 dubioz
765 2413 818 2445 σχ.
843 2401 913 2445 γάρ
937 2400 1072 2437 τόσσον
1095 2403 1256 2447 πόλεμον
1280 2402 1436 2448 χρόνου,
1465 2402 1541 2440 ὅσσ.
1568 2403 1601 2439 ἅ.
1617 2430 1627 2446 ,
1661 2405 1705 2439 de

44 2455 114 2488 quo
137 2455 198 2478 usu
224 2444 369 2490 genitivi
397 2458 431 2480 v.
459 2443 507 2486 ε’,
541 2446 629 2490 523,
655 2443 708 2490 φ’,
741 2449 819 2482 111.
853 2460 874 2481 ν
896 2453 931 2481 et
958 2461 1000 2488 v,
1024 2448 1170 2494 ipsaque
1193 2463 1236 2483 ov
1257 2458 1294 2483 et
1317 2464 1382 2489 ου,
1416 2462 1481 2484 non
1499 2450 1603 2484 semel
1624 2462 1704 2495 per-

43 2490 151 2524 mixta
174 2498 272 2525 sunt:
295 2502 329 2527 v.
346 2492 460 2537 hymn.
490 2492 525 2526 in
556 2492 664 2525 Merc.
693 2492 738 2533 6,
762 2493 890 2528 indices
908 2494 1087 2539 Euripidis
1114 2501 1150 2529 et
1174 2496 1324 2539 Comici,
1356 2497 1472 2530 Schol.
1492 2498 1584 2531 vict.
1611 2497 1702 2532 infra

43 2536 87 2569 ad
114 2537 181 2571 753
200 2542 268 2570 etc.
299 2556 341 2562 —
389 2540 467 2574 677.
496 2537 550 2584 β’,
581 2540 612 2572 1.
646 2557 692 2562 -
738 2541 818 2574 707.
849 2539 1027 2576 πτόλεϊ.
1052 2553 1118 2574 non
1147 2542 1280 2575 memini
1310 2542 1479 2576 diaeresin
1506 2549 1705 2587 usurpatam

40 2582 238 2616 me‘videre
257 2582 296 2620 in
309 2582 374 2617 hoc
393 2584 560 2619 vocabulo
590 2595 646 2628 ap.
669 2584 864 2619 Homerum.
897 2597 1001 2629 quare
1020 2587 1153 2621 malim:
1181 2608 1225 2613 -—
1249 2588 1376 2624 πτόλει
1401 2587 1555 2624 ἐλλίπετ’
1583 2589 1641 2623 ἄν.
1657 2608 1702 2614 -

39 2628 122 2683 7³17:
156 2626 397 2683 ἅγάγοσμι,
430 2635 469 2663 ut
500 2629 659 2673 ἐθέλωμι
690 2638 756 2664 etc.
787 2643 820 2666 v.
852 2631 939 2666 Add.
975 2633 1017 2666 ad
1045 2632 1087 2675 ι’,
1128 2633 1208 2668 414.
1245 2634 1300 2667 hic
1334 2647 1469 2679 quoque
1497 2635 1575 2668 libri
1605 2636 1702 2669 fere2

39 2686 228 2719 αγαγοιμι.
273 2675 390 2719 Lips.:
417 2673 619 2721 ἆγᾶγωμαι.
643 2694 687 2701 —-
733 2678 813 2711 721.
843 2677 928 2710 ferri
949 2679 1086 2722 quidem
1117 2679 1184 2713 ista
1201 2680 1479 2725 interpunctione
1499 2686 1616 2726 potest
1632 2681 1704 2716 Ve-

37 2720 109 2753 neti
136 2722 327 2766 scriptura,
351 2722 412 2755 sed
436 2723 541 2757 habet
569 2727 682 2755 tamen
713 2722 788 2755 duri
816 2724 994 2768 quiddam,
1019 2725 1108 2770 quod
1126 2727 1169 2759 ab
1190 2726 1329 2760 Homeri
1351 2727 1488 2770 ingenio
1507 2731 1610 2771 atque
1628 2727 1702 2761 elo-

38 2766 178 2810 quentia
203 2767 376 2801 abhorret.
396 2769 643 2803 correctionem
665 2769 818 2812 suspicor
841 2780 917 2803 esse
937 2771 1030 2813 ejus,
1056 2771 1113 2815 qui
1139 2771 1377 2815 κακοφώνοις
1400 2772 1475 2806 istis
1500 2771 1650 2808 ἀοιδοϋ
1665 2787 1702 2814 ς,

37 2810 230 2855 θρήνους
254 2811 477 2857 ἕξάρχουσ’
508 2815 598 2847 haud
623 2814 867 2849 offenderetur.
895 2827 1079 2860 ponamus,
1114 2818 1207 2861 quod
1232 2820 1338 2863 poeta
1358 2818 1493 2861 dignum
1513 2819 1580 2860 sit,
1612 2820 1700 2854 hoc:

37 2858 192 2902 θρήνων
216 2858 411 2903 ἐξάρχους,
436 2860 541 2895 οἷ’του
565 2860 785 2896 στονόεσσαν
810 2859 964 2904 ἀοιδήν,
990 2862 1023 2897 h.
1049 2875 1080 2896 e.
1105 2875 1138 2897 0.
1166 2863 1362 2910 στονοέσσῃ
1387 2864 1513 2911 ἀοιδῇ,
1542 2867 1702 2900 cantione

35 2905 142 2948 flebili
156 2908 288 2941 mortis.
312 2907 357 2940 cf.
383 2907 525 2940 inferius
549 2907 629 2947 735,
654 2904 696 2947 6',
721 2907 808 2947 485,
835 2906 887 2951 φ’,
911 2908 992 2948 382,
1022 2907 1077 2951 ψ’,
1100 2910 1180 2950 258,
1207 2911 1277 2944 Od.
1303 2911 1350 2951 α’,
1377 2911 1466 2952 1663
1491 2915 1528 2944 et
1552 2912 1596 2945 de
1609 2924 1697 2946 voce

37 2948 139 2996 οἶτος
168 2952 212 2998 γ’,
236 2953 324 2997 4173
349 2952 392 2988 de
415 2953 618 2999 permutatis
642 2957 753 2990 autem
776 2952 868 2990 inter
894 2964 932 2989 se
949 2965 1185 3001 nonnunquam
1202 2957 1330 2993 litteris
1347 2970 1385 3002 ε,
1414 2969 1434 2993 ο
1451 2962 1486 2994 et
1502 2969 1548 2994 ov
1566 2957 1696 3003 Odyss.
