1821 3288
694 137 1128 182 ,OMH-Por

268 248 451 299 εἰνάετες
483 244 703 300 Τρώεσσιν
731 245 925 317 ἐμάρναο
954 247 1142 302 νωλεμές
1173 248 1269 299 αἰεὶ,

268 305 458 354 πολλούς
488 302 529 347 δ’
561 303 723 357 ἄνδρας
755 304 935 355 ε’πεφνες
965 304 1012 348 ἐν
1039 306 1140 361 αἰνῇ
1150 307 1379 375 δηιοτῆτι,

155 365 238 406 230
272 363 328 417 σῇ
358 359 402 404 δ’
431 359 520 417 ἥλω
550 364 689 430 βουλῃ
722 359 941 428 Πριάμου
959 359 1084 413 πόλις
1112 358 1367 432 εὐρυάγυια.

268 422 361 468 πῶς
392 418 444 472 δη
474 421 571 466 νῦν,
604 417 673 460 ὅτε
703 416 784 459 σόν
814 433 858 458 τε
889 415 1028 485 δόμον
1057 417 1130 460 καὶ
1159 415 1354 478 κτήμαθ’
1385 415 1560 468 ἱκάνεις,

269 473 379 516 ἄντα
409 473 682 528 μνηστήρων,
712 471 968 545 ὀλοφύρεαι
1000 472 1179 527 ἄλκιμος
1209 478 1340 524 εἰναις

268 529 363 573 ἀλλ’
400 531 475 585 α’γε
507 534 654 580 δεῦρο,
685 531 835 580 πέπον,
867 528 965 583 παρ’
997 528 1064 598 ε’μ’
1096 531 1262 578 ἵστασο,
1293 530 1366 573 καὶ
1394 530 1460 575 ἰ’δε
1487 529 1634 587 ἔργον,

270 585 375 641 ὄφρ’
411 588 539 641 εἰδῇς,
571 585 663 634 οἰός
693 602 759 629 τοι
788 585 836 628 ἐν
865 584 1055 655 ἀνδράσι
1086 585 1362 641 δυσμενέεσσι

153 645 235 690 235
270 644 456 700 Μέντωρ
483 643 726 709 Ἀλκιμίδης
755 642 1000 698 εὐεργεσίας
1030 639 1264 686 αποτίνειν.

341 702 400 741 'H
412 701 517 768 Ugia,
524 699 597 743 καὶ
626 697 750 741 οὔπω
774 699 917 755 πάγχυ
950 701 1077 743 δίδου
1110 697 1338 753 ἑτεραλκέα
1366 699 1505 756 νίκην,

268 754 362 799 ἀλλ’
397 755 458 798 ἔτ’
489 754 575 808 ἄρα
605 755 784 807 συένεός
814 772 858 798 τε
888 756 961 799 καὶ
991 755 1127 812 α’λκῆς
1156 754 1412 812 πειρήτιζεν,
1455 781 1467 792 .

265 811 377 881 ἡμὲν
403 811 652 880 Ὀδυσσῆος,
684 811 759 867 ἠδ’
789 814 895 855 υιοῦ
925 814 1206 868 κυδαλίμοιο·

271 868 381 938 αὐτη
414 868 456 911 δ’
490 866 775 919 αιθαλόεντος
811 869 896 912 dvo}
932 869 1138 924 μεγάροιο
1169 869 1393 925 μέλαθρον

152 927 234 972 240
264 923 366 986 ἕζετ’
403 923 628 978 ἀναΐξασα,
659 924 847 980 χελιδόνι
878 928 1014 980 εἰκέλη
1046 925 1193 981 ἄντην.

345 985 615 1037 Μνηστῆρας
644 982 685 1026 δ’
717 981 884 1036 ω’τρυνε
914 983 1251 1038 Δαμαστορίδης
1274 979 1490 1036 Ἀγέλαος,

263 1036 529 1099 Εὐρύνομός
559 1055 618 1088 τε,
648 1039 721 1081 καὶ
746 1039 1032 1094 Ἀμφιμέδων,
1063 1037 1406 1107 Δημοπτόλεμός
1435 1053 1493 1085 τε,

264 1093 541 1149 Πείσανδρός
570 1111 613 1138 τε
645 1099 991 1150 Πολυκτορίδης,
1028 1095 1233 1164 Πόλυβός
1264 1110 1307 1137 τε
1338 1096 1569 1152 δαΐφρων·

265 1153 310 1194 οἱ
338 1168 421 1207 γαρ
437 1150 717 1224 μνηστήρων
749 1152 879 1224 ἀρετ33
910 1154 1013 1196 ἔσαν
1043 1152 1156 1207 ἔξοχ’
1191 1151 1376 1204 ἄριστοι,

152 1209 234 1253 245
266 1207 391 1252 ὅσσοι
422 1207 483 1250 έ”τ
518 1208 663 1260 ε’,ζωον
694 1211 794 1261 περί
823 1225 867 1252 τε
896 1210 1069 1264 ψυχέων
1099 1207 1332 1263 ἐμάχοντο·

264 1264 369 1316 τοὺς
398 1263 440 1308 δ’
473 1263 557 1322 ἤδη
589 1264 805 1321 ἐδάμασσε
835 1266 932 1324 βιὸς
959 1266 1035 1310 καὶ
1064 1267 1249 1331 ταρφέες
1279 1265 1351 1308 ἰοί.

96 1413 180 1452 Aen.
194 1413 228 1455 8,
239 1413 338 1453 387.·,
363 1411 474 1445 niueis
491 1430 537 1436 —-
554 1411 637 1445 diva
661 1412 835 1448 lacertis.“
848 1413 901 1447 cl.

96 1457 322 1500 εἰνάετες.
344 1456 389 1504 γ’,
408 1458 473 1492 118
493 1457 834 1501 εἴα-νωλεμές.
850 1472 900 1500 π,

97 1506 257 1540 191etc.
279 1524 324 1530 --
356 1502 567 1543 πολλοῦς
594 1523 635 1528 -
661 1505 901 1548 δηϊοτῆτι.

95 1548 138 1592 λ’,
154 1551 234 1586 515.
251 1570 295 1575 -—
312 1548 418 1594 ἥλω.
445 1551 484 1583 Α.
500 1550 556 1583 2:
583 1549 665 1584 εῗλω
686 1562 746 1594 pro
771 1551 902 1592 eodem,

96 1603 138 1631 ut
161 1596 292 1630 misceri
312 1596 423 1630 solent
444 1607 467 1638 η
492 1601 527 1628 et
551 1608 602 1630 ειε
625 1596 689 1629 nisi
714 1597 820 1630 fuerit
843 1595 904 1631 ἑά-

96 1646 169 1683 λω,
203 1654 269 1687 quo
294 1643 522 1676 incitarentur
547 1642 674 1675 numeri
703 1643 804 1686 paulo
830 1648 904 1676 tar-

97 1689 224 1723 diores.
245 1700 277 1722 v.
304 1688 428 1723 Matth.
455 1689 487 1728 §.
518 1688 615 1726 161„
646 1694 681 1720 et
706 1689 749 1721 de
783 1701 807 1721 α
832 1693 866 1722 et
891 1701 904 1723 ι

96 1734 223 1768 litteris
250 1734 399 1767 confusis
422 1731 474 1774 θ’,
497 1733 585 1773 560,
607 1731 650 1774 τ’,
674 1734 755 1774 367,
786 1734 826 1768 Il.
852 1732 905 1778 ω’,

98 1781 177 1815 459
203 1781 290 1814 solet
314 1785 427 1813 autem
456 1777 592 1822 Ubssis
616 1779 827 1824 potissimum
850 1792 906 1814 so-

98 1825 220 1860 lertiae
256 1825 362 1860 tribui
407 1825 616 1869 expugnatio
665 1826 806 1870 Trojae.
850 1827 903 1860 E:

100 1873 274 1927 φαίνεται
315 1869 355 1906 δὲ
392 1871 462 1905 νῦν
498 1871 561 1904 καὶ
597 1872 850 1914 πτολίπορθος
885 1870 903 1907 ὃ

94 1917 176 1954 Ὂδ.
189 1942 200 1959 ,
230 1910 344 1961 οὗπερ
376 1917 492 1975 βουλῃ
523 1930 585 1971 τ33
601 1930 696 1953 κατα
721 1918 784 1954 τὸν
819 1916 909 1954 δού-

102 1976 202 2006 ρειον
228 1964 341 1998 ἵππον
367 1964 389 2007 ἡ
420 1963 538 2005 Τροία
560 1960 649 2006 ἥλω.
685 1965 731 1999 cf.
757 1966 838 2001 Sch.
863 1965 909 1998 ad

100 2012 142 2046 ΙΙ.
169 2008 214 2056 β’,
237 2012 316 2045 278.
334 2008 531 2050 -πόλις
555 2008 835 2067 ευρυάγυια.
863 2009 910 2053 δ’,

102 2057 184 2097 246,
210 2056 248 2089 11.
267 2054 312 2101 β,
336 2057 378 2090 12
395 2061 462 2089 etc.
488 2075 530 2082 -—
556 2054 907 2099 ἄντα-εἶναις

102 2102 255 2147 virgulas
273 2102 441 2146 adscripsi
459 2102 575 2135 verbis
591 2115 719 2149 μνηστ.
736 2109 771 2138 et
789 2102 895 2148 ὄλοφ.
889 2129 910 2145 .,

105 2161 173 2194 quo
197 2153 406 2193 appareret,
443 2148 531 2181 hunc
562 2160 639 2182 esse
673 2149 824 2194 ordinem
850 2161 912 2196 per

105 2195 340 2254 hyperbaton:
379 2193 457 2232 πῶς
497 2193 543 2237 δὴ
584 2195 654 2228 ιῦν
696 2194 912 2255 ὀλοφύρεαι,

108 2239 170 2276 ὅτε
194 2259 238 2264 -
263 2238 418 2280 ἱκάνεις,
445 2208 572 2284 (ὥστε)
598 2239 666 2276 fian
700 2247 794 2277 εἰναι
820 2242 914 2278 ἄντα

107 2300 166 2332 μ..ν
203 2286 305 2320 Schn
339 2283 470 2328 σ’λοφ.
508 2288 577 2321 νῦν
611 2285 835 2334 ἀποδειλιᾷς.

108 2334 162 2367 E:
187 2330 228 2366 τὸ
254 2330 294 2366 δε
325 2330 452 2374 ὀλοφ.
488 2331 688 2381 ἄλκιμος
721 2348 750 2370 ε.
783 2335 915 2377 δεινως

108 2393 139 2414 κ.
165 2378 322 2421 δριμέως
345 2378 498 2421 εἴρηται.
531 2393 575 2423 ην
600 2378 641 2423 μὲ
647 2393 666 2414 ν
689 2381 760 2425 γὰρ
786 2383 915 2438 εἰπεῖν,

110 2422 180 2460 οὐκ
204 2423 341 2463 ἐθέλεις
366 2423 444 2458 ἅλκ.
471 2437 512 2466 ε.,
543 2424 567 2469 ἢ
592 2426 737 2471 ὀκνεῖς,
747 2427 772 2472 ἢ
793 2427 916 2464 τοιόν-

112 2473 152 2506 δε
175 2479 229 2506 τι·
261 2470 402 2514 εἴρηται
427 2468 466 2504 δε
490 2473 582 2514 πρὸς
613 2476 723 2509 πλείω
756 2474 917 2529 ε’μφασιν

114 2516 247 2558 ὀλοφ.
273 2515 308 2552 ἄ.
335 2521 485 2558 εἰναι,
521 2516 605 2553 ὡσεὶ
628 2521 690 2554 καὶ
715 2525 802 2561 παῖς
824 2517 918 2557 σ’νει-

114 2564 260 2605 δισθείη
291 2559 545 2606 ὀλοφύρεσθαι
581 2567 719 2612 φοιτᾷν
750 2567 785 2608 ἐς
814 2570 918 2602 διδα-

115 2609 262 2645 σκάλου.
287 2611 438 2653 pertinet
463 2618 572 2644 autem
598 2604 776 2647 Minervae
801 2614 920 2648 convi-

116 2656 202 2690 cium
227 2656 270 2689 ad
288 2657 393 2688 verba
417 2655 475 2688 illa
499 2657 532 2690 in
556 2659 804 2701 superioribus,
830 2662 920 2702 147.,

116 2703 176 2738 καὶ
212 2699 294 2735 τότ’
319 2698 523 2756 Ὀδυσσῆος
556 2703 642 2738 λύτο
667 2704 852 2747 γούνατα,
877 2726 920 2732 —

117 2747 207 2792 μέγα
232 2746 268 2781 δ’
295 2760 341 2780 αν
335 2743 394 2791 ’τῷ
421 2750 573 2791 φαίνετο
603 2749 718 2793 Ε”κργοι
744 2764 922 2797 comparass

119 2794 170 2826 xit
203 2805 276 2827 cum
311 2793 403 2826 hisce
435 2794 487 2831 Cl.
517 2796 584 2829 ista
613 2797 696 2840 Virg²
687 2798 749 2831 ilii
775 2801 858 2832 Aen.
885 2800 919 2840 5,

120 2841 241 2874 387-
255 2841 333 2874 392.
347 2852 355 2871 :
391 2840 442 2872 Ιιίο
475 2843 597 2886 gravis
621 2843 796 2877 Entellum
822 2824 922 2878 «liciis

121 2886 274 2929 castigat
307 2887 373 2917 Ac
366 2893 465 2919 stes.-
503 2905 545 2913 -
587 2889 743 2930 Entella,
783 2891 924 2923 her-oum

122 2931 294 2975 quondam
309 2932 429 2972 fortis
420 2945 500 2965 rme
516 2936 675 2976 frustra,
711 2955 752 2960 —
787 2937 844 2969 ubi
861 2939 927 2979 fa-

123 2989 179 3010 ma
202 2988 263 3021 per
286 2988 416 3011 omnem
442 2980 668 3023 Trinacriam,
693 2986 727 3015 ct
749 2983 859 3026 spolia
883 2983 926 3017 il-

947 1412 984 1445 la
1014 1411 1084 1446 tuis
1115 1410 1304 1464 pendentia
1334 1409 1463 1444 tectis?
1504 1429 1551 1436 -
1591 1419 1679 1443 πεπ
1691 1420 1756 1445 ον

949 1456 984 1500 ι’,
1009 1458 1088 1492 447.
1120 1476 1167 1482 -
1200 1454 1498 1499 εὐεργεσίας.
1532 1456 1577 1490 cf
1609 1455 1690 1492 374
1714 1475 1757 1484 -

949 1501 1225 1544 ἀποτίνειν,
1259 1504 1455 1546 rependere.
1479 1500 1525 1548 β’,
1551 1501 1618 1537 132
1642 1508 1712 1537 etc.

993 1548 1186 1584 236—246.
1212 1548 1470 1592 ἓτεραλκὴς
1505 1549 1612 1592 νίκη
1644 1549 1757 1583 estin

949 1595 1091 1630 alteram
1117 1603 1249 1639 partem
1278 1594 1442 1628 inclinata
1467 1594 1632 1634 victoria,
1667 1595 1700 1629 h.
1726 1607 1757 1630 e.

949 1647 1054 1683 certa,
1079 1641 1270 1681 manifesta,
1301 1642 1356 1673 ein
1379 1641 1636 1677 entsclziedener
1660 1642 1757 1686 Sieg.

952 1699 985 1722 ν.
1009 1687 1048 1720 ΙΙ.
1072 1685 1118 1731 η’,
1143 1688 1198 1720 26-
1224 1705 1270 1710 —-
1301 1686 1354 1720 Ε.
1380 1686 1499 1743 αὕτη
1525 1706 1571 1711 -
1597 1699 1756 1732 αντην,

952 1730 1010 1767 ὅτι
1042 1731 1136 1767 κατὰ
1168 1731 1362 1775 ποιητικὸν
1402 1731 1492 1773 ἔθος
1524 1732 1587 1767 καὶ
1617 1735 1686 1767 νῦν
1719 1733 1759 1771 ἐκ

951 1779 1019 1814 τοῦ
1044 1777 1273 1835 φαινομένου
1298 1776 1493 1822 Μέντορος
1526 1774 1642 1820 αλλως
1663 1792 1758 1836 μορ-

953 1827 1126 1869 φωθεῖσα
1140 1823 1276 1879 Ἀθηνᾶ
1298 1825 1459 1860 αἰθαλ.
1478 1844 1524 1850 —
1535 1825 1759 1882 χελιδόνι

953 1871 1092 1916 ἰκέλη
1118 1870 1202 1915 (sic)
1225 1869 1384 1914 ἄντην,
1410 1868 1432 1916 ἢ
1455 1885 1550 1906 κατα
1574 1871 1643 1928 τήν
1667 1876 1761 1930 πτῆ-

954 1930 1032 1958 σιν,
1058 1917 1080 1963 ἢ
1102 1917 1196 1952 κατὰ
1221 1916 1262 1951 τὸ
1291 1915 1413 1956 swas·
1447 1916 1496 1953 ου’
1516 1916 1602 1977 γὰρ
1614 1915 1718 1956 ὀκνεῖ
1738 1917 1759 1956 6

952 1966 1078 2010 μῦθος
1107 1963 1170 1999 καὶ
1193 1976 1291 1998 ουτω
1314 1967 1526 2005 μεταποιεῖν
1557 1963 1619 2001 τοὶ
1629 1965 1761 2009 δαιμό-

954 2023 1029 2046 νια.
1066 2031 1111 2037 -—
1144 2009 1247 2044 αἰθ.
1291 2008 1332 2045 δε
1350 2021 1579 2064 μεγαρον
1617 2011 1762 2055 μέλα-

954 2060 1081 2098 θρον
1113 2054 1205 2099 λέγει
1236 2053 1309 2100 τήν.
1338 2054 1482 2100 ὀροφήν
1505 2058 1571 2102 (ut
1584 2058 1633 2101 τ’,
1659 2059 1761 2103 544).

957 2103 1016 2138 διὸ
1037 2102 1118 2159 ἐρεῖ
1137 2100 1175 2136 ἐν
1199 2105 1278 2141 τοῖς
1300 2101 1383 2146 ἑξῆς
1406 2103 1532 2146 (297),
1563 2104 1621 2158 δη
1656 2104 1763 2141 τότε

957 2143 1159 2204 ανέσχεν
1181 2143 1348 2205 Ἀθηνᾶ
1372 2149 1544 2207 αἰγίδα
1567 2146 1763 2195 νψόθεν

958 2194 1005 2239 ἐξ
1028 2192 1236 2238 ὀροφῆς,
1260 2207 1310 2235 ως
1332 2194 1470 2230 ταυτὸν
1495 2199 1592 2230 εἰναι
1615 2196 1764 2242 ὀροφὴν

957 2255 990 2276 κ.
1015 2241 1212 2284 μέλαθρον.
1245 2242 1307 2277 καὶ
1334 2243 1404 2277 νῦν
1426 2239 1494 2282 μὲν
1525 2240 1676 2284 ἐντελῶς
1704 2243 1764 2290 εῤ-

959 2287 1056 2345 ρέθη
1090 2289 1182 2342 μέλ.
1216 2288 1375 2323 οῖ’·κου
1411 2284 1472 2323 ότε
1505 2286 1545 2323 δὲ
1575 2290 1765 2336 μέλαθρον

961 2335 980 2370 ὁ
1017 2339 1118 2373 οἰκος
1148 2331 1244 2373 α’πας
1277 2334 1414 2378 λέγεται
1450 2335 1517 2378 (ut
1540 2345 1573 2370 v.
1598 2347 1628 2371 c.
1654 2337 1694 2371 11.
1719 2336 1766 2383 β’,

960 2379 1041 2422 414,
1067 2380 1125 2414 ubi
1149 2391 1180 2414 ν.
1205 2381 1313 2424 ann),
1335 2379 1409 2416 ἀπὸ
1433 2382 1567 2423 μέρους
1591 2385 1766 2438 λαλεῖται,

961 2425 1080 2470 ὥσπερ
1104 2426 1166 2460 καὶ
1191 2425 1294 2470 στέγη
1319 2440 1350 2461 κ.
1375 2427 1476 2470 τέγος
1506 2424 1525 2462 6
1551 2426 1668 2470 αυτὸς
1688 2428 1763 2466 and

961 2473 1031 2509 τοῦ
1055 2472 1252 2528 qns'novtog
1274 2472 1530 2517 ὀροφώματος,
1549 2473 1685 2532 μέρους
1703 2477 1766 2512 καὶ

964 2519 1082 2555 αὐτοῦ
1116 2517 1231 2573 ὄντος.
1265 2519 1504 2555 αἰθαλόεν
1537 2519 1577 2555 δε
1612 2518 1636 2567 ἦ
1663 2521 1767 2566 παρὰ

965 2565 1004 2601 τὰ
1033 2565 1164 2605 αἴθ’ω,
1159 2555 1224 2607 ἐξ
1249 2577 1293 2599 ου
1318 2566 1381 2600 καὶ
1406 2566 1445 2602 τό
1471 2565 1679 2624 μέλαθρον,
1703 2567 1770 2605 διὰ

965 2612 1007 2647 τὸ
1037 2610 1241 2653 αἰθόμενον
1265 2613 1407 2656 δηλαδή
1432 2615 1507 2656 πῦρ
1533 2612 1572 2648 ἐν
1596 2619 1679 2656 ταῖς
1698 2628 1768 2650 κα-

965 2657 1010 2694 τὰ
1035 2670 1100 2700 την
1123 2657 1248 2692 εστίαν
1271 2660 1440 2701 θυσίαις,
1476 2659 1496 2704 ἢ
1521 2659 1563 2695 τὸ
1584 2665 1770 2718 καταλαμ-

966 2703 1129 2747 πόμενον
1149 2717 1180 2737 κ
1197 2704 1431 2762 πολύφωτον,
1453 2719 1561 2764 παρα
1569 2705 1610 2742 τὸ
1629 2708 1768 2752 αἴθειν,

965 2751 1082 2796 ἤγουν
1122 2748 1297 2793 λάμπειν,
1342 2748 1413 2796 αφ’
1453 2747 1497 2788 οὗ
1535 2753 1596 2788 καὶ
1614 2753 1768 2808 αἰθήρ.

969 2802 1041 2832 Am.
1081 2796 1143 2835 Q.:
1181 2796 1440 2853 μέλαθρον.
1487 2797 1555 2843 τήν
1603 2797 1770 2847 ὀροφήν

968 2839 1116 2878 πολλοὶ
1146 2841 1195 2877 δε
1219 2843 1318 2887 (καὶ)
1344 2842 1658 2887 καθύπερθεν
1682 2847 1770 2890 (sic)

969 2890 1152 2934 μελαθρ
1166 2888 1186 2922 6
1199 2903 1280 2933 φιν
1295 2889 1570 2936 ἐξεκέχυντο
1589 2891 1656 2934 (θ,
1673 2894 1773 2936 279).

976 2954 1014 2960 —
1039 2936 1266 2980 ταρφέες,
1289 2938 1409 2973 crebri.
1433 2948 1468 2971 v-
1491 2935 1543 2982 θ’,
1567 2939 1647 2981 379,
1671 2939 1711 2973 11.
1735 2937 1774 2980 ε’,

972 2982 1039 3018 555
1064 2986 1128 3016 etc.
