1821 3288
556 92 1142 139 ΟΔΤΣΣΕΙΑΣ
1198 95 1258 136 «Ω.

1648 96 1733 136 233

246 206 412 278 αἰγείην
439 202 603 258 κυνέην
631 205 803 275 κεφαλῇ
832 202 925 271 ἔχε,
946 201 1111 253 πένθος
1139 200 1291 253 ἀέξων.

245 263 323 305 τὸν
356 261 396 305 δ’
430 277 489 312 ως
519 260 603 304 οὖν
631 259 780 329 ἐνόησε
809 257 1027 310 πολύτλας
1055 260 1150 309 δῖος
1177 257 1414 311 Ὀδυσσεῦς

243 317 377 385 γήραι·
387 316 670 388 ,retpo'ffisvmv
700 317 808 372 μέγα
838 317 884 359 δὲ
912 315 1041 371 φρεσὶ
1071 315 1232 366 πένθος
1262 315 1428 376 ἔχοντα,

245 374 348 425 στας
381 372 456 428 ἄρ’
485 371 573 417 ὑπὸ
602 373 811 429 βλωθρὴν
838 373 997 429 ὄγχνην
1024 371 1134 416 κατα
1164 372 1359 426 δάκρυον
1386 370 1514 441 εἶβεν.

132 435 216 479 235
245 430 447 497 μεμήριξε
477 429 521 472 δ’
553 431 697 474 ἔπειτα
725 430 836 473 κατὰ
865 431 1013 499 φρένα
1035 429 1108 472 καὶ
1141 428 1250 470 κατὰ
1279 428 1451 483 θυμὸν,

242 489 402 531 κύσσαι
430 486 504 530 καὶ
531 490 775 540 περιφῦναι
807 485 879 529 ἑὸν
907 484 1083 557 πατέρ’,
1112 483 1189 541 ἠδὲ
1219 484 1380 527 ἕκαστα

244 546 400 595 εἰπεῖν,
435 543 494 593 ὠς
524 544 670 594 ε’λθοι,
700 544 774 586 καὶ
803 540 933 586 ἵκοιτ’
965 543 1007 594 ές
1037 543 1224 595 πατρίδα
1253 546 1408 597 γαῖαν,

243 599 283 657 ἢ
301 598 439 655 πρῶτ’
470 600 701 655 ἐξερέοιτο,
733 598 891 643 ἕκαστά
920 615 964 642 τε
993 598 1271 658 πειρήσαιτο.

247 658 332 700 ὦδε
365 658 410 699 δέ
441 658 483 699 οἱ
513 657 751 712 φρονέοντι
780 657 998 699 δοάσσατο
1027 657 1201 709 κέρδιον
1230 652 1367 708 εἶναι,

131 715 214 759 240
243 717 421 783 πρῶτον
449 715 693 768 κερτομίοις
721 713 917 756 ἐπέεσσιν
945 716 1237 767 πειρηθῆναι·

247 771 300 813 τὰ
332 769 538 841 φρονέων
568 769 669 820 ἰθὺς
697 770 790 812 κίεν
819 769 960 811 αὐτοῦ
994 770 1089 818 δῖος
1119 765 1366 815 Ὀδυσσεύς.

244 843 342 882 ητοι
373 825 395 869 ὁ
426 843 505 882 μεν
533 827 724 881 κατέχων
752 826 951 880 κεφαλὴν
982 825 1126 879 φυτὸν
1157 822 1476 890 ἀμφελάχαινε,

244 883 323 927 τὸν
354 883 400 927 δὲ
428 882 753 939 παριστάμενος
782 882 1064 938 προσεφώνεε
1095 882 1306 936 φαίδιμος
1335 877 1457 929 υἱός·

297 997 432 1042 Ulyssis
454 996 537 1030 ficta
560 995 671 1030 oratio
700 994 744 1030 ad
768 1007 865 1039 eum,
899 995 997 1029 velut
1028 1006 1144 1030 senem
1176 992 1354 1038 ignotum,
1390 1002 1459 1035 qua
1481 989 1639 1025 oratione
1662 986 1736 1033 pri-

213 1055 298 1078 mum
324 1043 481 1087 quaerit,
518 1041 593 1088 quis
617 1042 685 1083 sit,
719 1046 755 1076 et
778 1054 821 1076 an
843 1053 968 1076 revera
1001 1042 1071 1076 ista
1101 1042 1148 1075 sit
1181 1040 1300 1073 Ithaca
1332 1038 1465 1078 insula3
1499 1042 1569 1072 tum
1603 1038 1736 1076 narrat,

211 1101 250 1124 se
274 1089 352 1122 olim
376 1089 525 1122 Laiirtae
550 1088 726 1133 cujusdam
750 1088 855 1122 filium
878 1088 1090 1122 Ithacensem
1115 1086 1267 1132 hospitio
1291 1084 1484 1129 excepisse.

313 1162 371 1210 Ὦ
399 1166 557 1229 γέρον,
589 1166 674 1220 οὐκ
702 1165 988 1229 αδαημοσύνη
1018 1167 1064 1212 σ’
1095 1166 1180 1224 ἔχει
1210 1160 1530 1222 ἀμφιπολεύειν

73 1327 150 1372 rii.)
188 1322 305 1371 ἤγουν
327 1326 375 1362 τᾶ
397 1327 472 1362 τῶν
495 1327 627 1371 χειροῖν
648 1323 882 1382 καλύμματα,

73 1372 115 1409 ἐκ
147 1373 337 1430 δερματων
369 1374 510 1418 δηλαδή
547 1373 608 1408 καὶ
643 1372 741 1408 αυτοὶ
779 1371 882 1408 ὄντα.

74 1433 128 1456 ων
151 1417 174 1464 ἡ
194 1419 393 1479 παραγωγή
415 1420 634 1464 (derivatio),
658 1417 777 1462 ὡσπερ
794 1418 883 1459 κνή-

72 1479 125 1511 μη
150 1467 290 1511 κνημὶς,
314 1465 412 1501 οὕτω
436 1467 499 1501 καὶ
521 1465 597 1520 χεὶρ
621 1466 752 1523 χειρὶς,
776 1463 814 1507 ἐξ
839 1462 885 1509 ἧς

72 1513 136 1548 καὶ
162 1513 393 1557 ἐγχειρίδιον,
426 1511 472 1548 οὐ
495 1510 614 1555 μόνον
648 1511 690 1547 τὸ
716 1512 884 1567 ξιφίδιον

73 1572 106 1596 κ.
139 1558 181 1593 τό
213 1561 433 1604 μαχαίριον,
465 1570 498 1594 κ.
529 1557 571 1593 τὸ
596 1559 812 1614 βιβλίδιον,
834 1554 885 1597 ὥς

74 1603 117 1641 τό
137 1603 359 1660 Ἐπικτήτου
384 1604 634 1664 ἐγχειρίδιον,
656 1602 752 1645 ἀλλ’,
787 1601 837 1644 (ὃς
861 1600 882 1639 6

67 1650 268 1695 Ἀθήναιος
281 1653 411 1707 δηλοῖ,
435 1653 498 1686 καὶ
522 1650 563 1686 τὸ
590 1652 656 1695 τῆς
678 1651 885 1689 θαλασσίας

73 1697 200 1743 κώπης
222 1697 390 1743 κράτημα
415 1698 664 1741 (manubrium,
689 1709 709 1730 a
725 1699 886 1738 κρατεῖν,

74 1751 202 1782 tenere.
226 1746 388 1779 diluenda
412 1744 582 1777 dubitatio
607 1743 811 1776 Schneideri
834 1743 885 1775 le·

77 1790 168 1831 xico‚
192 1792 227 1825 h.
253 1793 316 1835 v.)
348 1790 469 1826 ἰστέον
501 1787 566 1831 δε,
598 1787 656 1825 ὅτι
692 1788 736 1824 οὐ
768 1787 885 1832 μόνον

75 1848 174 1872 κατα
217 1836 399 1873 ἀκανθῶν
428 1814 582 1880 χειρίδές
616 1833 885 1890 ἐπινενόηνται,

77 1880 169 1929 αλλὰ
191 1897 223 1918 κ.
244 1883 303 1919 ἐπὶ
329 1883 443 1928 ἔργων
463 1882 638 1928 εύχερεία.
662 1895 696 1917 κ.
713 1880 887 1925 τοξεύον-

77 1942 137 1969 τες
170 1932 261 1974 γοῦν
289 1942 385 1971 τινες
415 1933 545 1973 χειρῖσι
570 1929 746 1973 (χειρῖσι)
772 1928 888 1982 χρῶν-

77 1989 162 2017 ται,
196 1977 231 2011 εἰ
259 1977 321 2012 καὶ
346 1975 396 2021 μὴ
429 1977 701 2015 δακτυλωταῖς,
734 1987 766 2008 κ.
796 1971 889 2009 πλύ-

77 2034 206 2067 νοντες
239 2021 304 2064 δὲ,
340 2037 374 2058 κ.
407 2023 617 2078 ζυμοῦντες.
661 2018 767 2078 παρὰ
795 2032 889 2066 γουν

77 2069 132 2116 τῷ
168 2070 441 2114 Δεινοσοφιστῇ
479 2065 632 2126 εὕρηται
672 2066 715 2103 τὸ
756 2078 889 2103 σιτο-

78 2104 244 2158 ποιὸς,
253 2117 491 2170 χειρίδας
516 2114 659 2172 έχων,
678 2114 756 2149 καὶ
779 2112 890 2158 περὶ

79 2162 143 2207 τῷ
182 2161 387 2205 στόματι
427 2159 601 2216 κημόν·,
640 2159 802 2206 ε’τριβε
835 2159 887 2195 τὸ

81 2211 237 2249 σταῖς,
275 2209 368 2252 (suit
391 2219 464 2242 cum
496 2207 612 2251 nescio
635 2209 732 2252 cujus
767 2210 891 2252 poetae

80 2255 315 2296 hexametrum
352 2259 388 2288 et
411 2245 584 2288 dimidiam
606 2254 783 2300 sequentis
807 2265 890 2299 par-

4 2300 17 2309 *
81 2305 150 2335 tem
174 2312 361 2344 agnoscere
383 2299 465 2334 mihi
488 2300 647 2341 viderer,
673 2304 710 2334 ut
733 2300 816 2334 haec
839 2300 891 2334 ita

82 2344 331 2381 scriberentur.
363 2345 571 2389 σιτοποιὸς,
595 2348 758 2402 χειρῖδας
781 2345 890 2389 ἔχων,

83 2394 168 2435 περί
179 2404 218 2426 τε
219 2393 350 2450 στόμα
364 2392 498 2438 κημόν,
510 2392 681 2451 ”Ετριβεν
696 2390 738 2428 τὸ
757 2392 889 2435 σταῖς.)

86 2438 148 2482 ἵνα
179 2436 269 2482 μήτε
313 2441 426 2497 ἱδρώς
458 2439 643 2498 ἐπιρρέοι,
680 2439 771 2484 μήτε
810 2442 891 2479 τοῖς

85 2484 301 2529 φυράμασιν
323 2483 343 2521 6
368 2486 507 2531 τρίβων
532 2485 703 2541 ἐμπαίοι,
738 2485 761 2530 ἢ
785 2483 890 2530 ἐμπί-

84 2544 172 2565 πτοι
195 2536 262 2565 etc.
285 2552 331 2558 —-
355 2534 566 2577 αἰγείην,
602 2534 803 2576 caprinam3
837 2531 892 2565 vi·-

85 2578 201 2612 liorem
226 2576 315 2611 illam
339 2580 475 2623 quidem
500 2580 602 2624 galea
637 2591 657 2612 e
680 2579 772 2612 tauri
796 2578 891 2611 corio

86 2625 142 2658 vel
166 2635 209 2656 ex
233 2624 366 2657 metallo
392 2626 497 2667 facta,
521 2637 620 2670 qnam
645 2624 731 2659 dicit
748 2623 792 2666 κ’,
810 2626 890 2665 206,

85 2670 126 2704 11.
149 2668 189 2710 ε’,
213 2669 293 2712 744,
319 2668 363 2711 κ’,
387 2671 454 2705 258
475 2676 509 2704 et
533 2672 630 2706 alias.
641 2691 684 2697 -—
710 2672 894 2710 πένθος

85 2714 260 2757 ἀέξων,
285 2695 436 2750 dol6rcm
461 2729 613 2762 augens,
647 2719 682 2751 h.
709 2729 739 2751 e.
764 2718 891 2753 dolens

85 2762 201 2797 nihils
204 2761 343 2806 mplius.
365 2762 413 2795 sic
428 2763 465 2797 ΙΙ.
475 2763 518 2807 ρ’,
540 2765 640 2798 138:
660 2759 893 2819 Ἀτρείδης-δ’

85 2807 290 2863 ἑτέρωθεν,
314 2807 512 2853 ἀρηὶφιλος
536 2811 747 2852 Memnonos,
765 2808 895 2853 Εστή-

86 2867 162 2896 κει,
186 2853 278 2898 μέγα
299 2855 440 2896 πένθος
465 2855 518 2890 ἐνὶ
543 2856 740 2900 στήθεσσιν
764 2854 895 2899 ἀέξων,

89 2902 124 2934 h.
167 2913 197 2935 e.
237 2902 429 2948 interprete
469 2902 687 2938 Scholiaste:
729 2902 896 2947 μεγάλως

91 2945 331 2994 λυπούμενος
371 2948 417 2986 cf.
453 2949 534 2986 233.
563 2967 613 2976 -—
642 2951 747 2989 Scha
778 2951 898 2998 βλω-

927 1324 1058 1382 θρήν
1075 1325 1146 1369 (11.
1169 1338 1214 1366 ν,
1237 1323 1339 1368 390).
1367 1321 1438 1367 τήν
1458 1317 1641 1377 μεγάλην,
1664 1313 1739 1352 ἀπὸ

927 1375 998 1408 τοῦ
1034 1385 1114 1406 aveo
1150 1373 1346 1416 μολίσκειν.
1380 1388 1426 1395 —-·
1467 1365 1657 1413 ὄγχνην·
1691 1359 1740 1408 η’,

929 1419 997 1455 115
1022 1424 1089 1453 etc.

974 1465 1056 1499 235.
1105 1461 1146 1499 11.
1172 1460 1211 1503 ε’,
1235 1462 1315 1496 671.

975 1512 1058 1547 236.
1102 1506 1288 1544 κύσσαι.
1337 1504 1377 1547 ε’,
1400 1505 1490 1547 463,
1520 1500 1572 1543 π’,
1606 1501 1648 1556 15
1673 1503 1742 1535 etc.

930 1573 974 1581 —
999 1555 1294 1600 περιφῦναι.
1333 1553 1413 1596 320,
1439 1548 1490 1596 π’,
1509 1551 1567 1591 21,
1591 1561 1637 1590 τ,
1660 1548 1741 1583 416.

976 1603 1056 1638 239.
1106 1600 1143 1643 ε’,
1170 1602 1239 1636 474
1264 1606 1331 1634 etc.

975 1626 1204 1684 240-242.
1271 1655 1460 1690 πρωτον
1501 1660 1547 1667 -
1586 1651 1743 1684 πειρη-

929 1695 1097 1739 θῆναι.
1144 1692 1300 1733 mireris,
1333 1703 1393 1725 cur
1427 1700 1495 1724 non
1529 1687 1659 1721 dixerit
1681 1699 1742 1729 πρ.

930 1753 1023 1785 κερτ.
1047 1752 1144 1783 πειρ.
1169 1738 1328 1780 ἐπέεσσι,
1363 1737 1473 1771 vitato
1507 1735 1661 1779 spondeo
1686 1743 1743 1766 se-

931 1787 974 1820 de
992 1789 1026 1822 5.
1050 1786 1260 1826 hexametri·
1283 1784 1347 1818 sed
1371 1783 1460 1817 solet
1485 1788 1638 1821 extremo
1663 1790 1745 1813 ver-

931 1844 972 1867 su
998 1833 1166 1866 collocare
1196 1832 1272 1865 sine
1296 1827 1449 1874 emphasi
1473 1831 1630 1871 tempora
1654 1836 1745 1879 qua-

933 1878 1122 1923 drisyllabo.
1146 1878 1244 1911 verbi
1267 1876 1484 1920 πειρᾶσθαι.
1523 1885 1556 1906 ν.
1585 1873 1666 1911 238,
1690 1869 1744 1913 θ’,

935 1925 1003 1959 100
1027 1929 1093 1959 etc.
1119 1924 1231 1958 rarius
1256 1928 1326 1963 est,
1351 1920 1441 1966 quod
1465 1919 1614 1977 ὴοοειιιι·
1637 1917 1676 1950 Ι1.
1701 1914 1745 1958 κ’,

933 1970 1032 2005 444.ε
1060 1968 1162 2014 ὄφρα
1185 1982 1247 2005 κεν
1273 1968 1452 2012 ἔλθητον,
1477 1965 1539 1999 καὶ
1562 1965 1746 2008 πειρηθῆ-

932 2029 998 2052 τον
1022 2015 1135 2061 ἐμεῖο.
1184 2019 1258 2051 Αιιι.
1283 2016 1349 2058 Q*
1381 2026 1500 2069 κερτ.
1532 2010 1597 2046 ἐπ.
1643 2010 1746 2044 ἀπα-

934 2067 1117 2120 τητικοῖς,
1143 2063 1303 2103 δολίοις,
1332 2061 1395 2095 ι’να
1418 2056 1470 2104 μή
1494 2071 1538 2104 τη
1564 2057 1745 2113 αἰφνιδίῳ

934 2111 1031 2156 χαρᾷ
1057 2108 1259 2163 οἷποψύξει
1270 2108 1382 2151 (imo·
1409 2095 1563 2159 α’-οι)
1579 2100 1597 2138 6
1618 2103 1745 2158 γέρων.

935 2146 1052 2202 lepide
1077 2156 1194 2190 addit:
1229 2152 1350 2198 ὥσπερ
1383 2152 1448 2188 καὶ
1473 2149 1492 2186 6
1517 2148 1616 2185 κύων
1643 2148 1747 2184 απώ-

935 2205 1016 2238 λετο
1042 2202 1107 2248 (ρ’,
1129 2203 1209 2245 326,
1233 2203 1308 2245 27).
1357 2199 1410 2235 Cl.
1429 2196 1616 2242 adscripsit
1639 2197 1678 2239 11.
1692 2194 1746 2239 ω’,

936 2246 1016 2284 649.
1048 2269 1094 2275 -
1128 2248 1354 2292 κατέχων.
1409 2245 1458 2281 sic
1494 2245 1569 2278 Ald.
1594 2245 1648 2286 3,
1689 2243 1746 2284 W,

936 2296 978 2336 B,
1002 2296 1033 2329 h.
1058 2308 1089 2330 e.
1120 2293 1222 2330 κάτω
1260 2293 1370 2338 έ’,χων
1403 2297 1441 2326 ut
1472 2290 1748 2347 interpretantur

937 2342 1021 2377 Sch.
1045 2347 1082 2376 et
1112 2342 1166 2383 Ε,
1196 2338 1478 2394 quemadmodum
1511 2334 1549 2371 ἐκ
1582 2347 1643 2381 pro
1678 2334 1747 2377 ἔξω

937 2388 1024 2425 dixit
1048 2386 1090 2432 λ’,
1125 2389 1211 2431 133,
1244 2386 1302 2420 ubi
1326 2397 1360 2419 v.
1385 2395 1464 2418 ann.
1487 2383 1574 2416 male
1582 2348 1748 2425 pBer-gle-

936 2445 998 2468 rus
1022 2441 1058 2468 et
1081 2434 1160 2468 alii.
1184 2430 1270 2468 κάτ’
1299 2431 1401 2476 ἔχων.
1418 2447 1464 2455 -—-
1489 2431 1566 2473 Ap„
1591 2428 1625 2460 h.
1650 2427 1672 2461 1.
1698 2439 1747 2461 c.:

937 2478 1286 2524 αμφελάχαινε.
1334 2475 1594 2531 περιέσκαπτε,
1616 2471 1750 2517 περιώ-

938 2538 1057 2570 ρυσσε.
1105 2527 1167 2562 καὶ
1202 2526 1244 2562 τὰ
1281 2523 1442 2569 λάχανον
1478 2519 1554 2556 ἀπὸ
1587 2519 1748 2555 τούτου·

937 2575 1159 2615 περίσκαπτε
1192 2572 1376 2629 (Villois.=
1401 2565 1651 2611 περισκαπτει
1693 2567 1750 2599 in·-

938 2620 1114 2654 tellexisse
1137 2619 1276 2653 videtur
1299 2630 1376 2657 τις,
1412 2614 1503 2659 quod
1529 2613 1641 2646 malim
1666 2611 1751 2646 addi

939 2672 1017 2710 post
1038 2664 1122 2710 γάρ.
1148 2665 1252 2700 facile
1284 2668 1397 2698 autem
1432 2659 1632 2702 exciderit.)
1678 2657 1749 2703 γὰρ

938 2711 1008 2768 τὴν
1031 2714 1114 2754 περὶ
1147 2710 1239 2746 αὐτὸ
1275 2711 1366 2754 γῆν,
1400 2721 1432 2741 κ.
1459 2703 1586 2750 κου’φη
1611 2706 1750 2747 γίνεται

938 2770 1032 2840 3333
1055 2758 1211 2804 αὔξησιν
1233 2756 1301 2792 τοῦ
1328 2751 1532 2799 φυομένου.
1581 2752 1627 2789 cf·
1649 2751 1682 2785 E
1705 2750 1750 2786 ad

987 2854 1112 2891 244-
1122 2857 1203 2893 246.
1253 2848 1582 2904 o’c6oc71u06vv‘q3
1623 2850 1749 2894 vulgo·

943 2900 1168 2948 ἀδαημονίη
1215 2900 1275 2935 sed
1308 2900 1508 2933 Porsonus.
1539 2896 1608 2939 „in
1643 2907 1751 2939 marg.

942 2950 1074 2987 codicis
1097 2949 1215 2986 Harl.
1238 2960 1293 2994 γρ.
1311 2942 1572 2991 οἷδαημοσύνης
1591 2953 1666 2977 cum
1690 2953 1752 2976 ex-

1286 3087 1303 3097 ,-
