1821 3288
133 104 191 147 8³

777 63 1177 141 ΟΜΗΡΟΥ

366 208 475 280 Τὴν
504 206 548 253 δ’
561 206 939 277 ἀπαμειβόμενος
960 207 1165 280 προσέφη
1193 206 1435 266 πολύμητις
1462 207 1713 264 Ὀδυσσεύς·

200 268 280 313 165
310 268 380 318 ,,ώ
413 265 546 337 γύναι
575 267 722 321 αἰδοίη
750 265 1028 321 Λαερτιαδεω
1054 265 1283 321 Ὀδυσῆος,

305 320 454 366 οὐκέτ’
485 322 734 378 ἀπολλήξεις
763 322 840 365 τὸν
871 322 980 377 ἐμὸν
1013 322 1152 377 γόνον
1181 322 1434 390 ἐξερέουσα;

305 377 404 422 ἀλλ’
439 378 486 422 ἔκ
513 396 582 423 τοι
612 379 738 433 ἐρέω·
763 381 809 446 ἡ
824 378 904 434 μέν
933 378 981 434 μ’
1013 379 1181 449 ἀχέεσσί
1208 394 1258 434 γε
1288 377 1444 429 δαίσεις

304 436 502 506 πλείοσιν
529 436 559 491 ἢ
589 436 754 490 ε’χομαι.
782 434 809 489 ἡ
839 435 923 490 γὰρ

955 436 1066 505 δίκη,
1096 435 1261 480 ὁππότε
1291 435 1459 491 πάτρης

302 494 354 548 ῆς
383 491 568 562 ἀπέῃσιν
600 491 712 547 ἀνήρ
742 491 905 536 τόσσον
933 491 1109 546 χρόνον,
1139 492 1275 536 ὅσσον
1305 492 1387 548 ἐγω
1419 494 1517 543 νῦν,

195 554 275 594 170
303 549 445 593 πολλὰ
473 553 654 619 βροτων
677 547 745 590 ἐπὶ
775 546 892 591 ἄστε’
923 547 1161 602 ἀλώμενος,
1193 548 1325 604 ἄλγεα
1354 549 1548 604 πάσχων.

305 602 414 650 ἄλλοι
444 607 517 649 καὶ
547 604 606 656 ὡς
637 603 758 661 ἐρέω,
790 603 816 647 ὅ
844 601 894 662 μ’
926 603 1118 659 ἀνείρεαι
1146 605 1223 660 η’δὲ
1253 609 1508 663 μεταλλᾶς.“

353 708 470 752 itaque
493 707 638 750 Ulysses
662 707 752 742 ludit
785 719 858 742 eam
889 718 931 740 ex
961 711 1129 761 tempore
1142 705 1227 740 ficta
1251 706 1469 750 narratione,
1503 705 1620 741 itidem
1645 718 1691 744 se
1708 706 1797 748 Cre-

271 757 408 788 tensem
425 764 501 787 esse
525 753 662 795 dicens,
687 754 860 788 Idomenei
885 754 1047 797 fratrem,
1074 753 1131 798 qui
1156 754 1340 797 Ulyssem,
1363 757 1570 798 tempestate
1592 753 1677 787 illuc
1701 750 1796 800 dela-

269 803 353 844 tum,
375 795 522 844 hospitio
546 800 736 845 exceperit,
764 806 839 834 cum
864 800 1004 844 Trojhm
1030 799 1324 845 proficisceretur.

381 867 568 937 ,,Κρη’τη
597 885 661 920 τις
690 868 780 924 γαῖ’
812 867 913 940 ἐστὶ,
946 866 1061 926 μέσω
1094 866 1158 909 ἐνὶ
1189 867 1337 909 οι’νοπι
1367 863 1531 922 πόντῳ,

300 924 412 980 καλη
443 926 516 977 καὶ
545 926 705 996 πίειρα,
736 926 1020 998 περίρρυτος·
1052 923 1098 967 ἐν
1129 921 1172 966 δ’
1205 922 1441 977 ἄνθρωποι

300 983 477 1031 πολλοὶ,
501 981 754 1036 οἷπειρὲσιοι,
784 984 859 1026 καὶ
890 981 1133 1050 ἐννήκοντα
1161 979 1330 1035 πόληες.

190 1038 270 1082 175
300 1035 410 1091 ἄλλη
442 1038 485 1081 δ’
516 1039 659 1082 ἄλλων
690 1042 866 1094 γλῶσσα
895 1037 1155 1108 μεμιγμένη·
1195 1036 1243 1079 ἐν
1271 1036 1350 1090 μὲν
1376 1033 1552 1091 Ἀχαιοὶ,

302 1094 350 1137 ἐν
380 1094 425 1138 δ’
450 1094 722 1164 Ἐτεόκρητες
753 1095 1053 1152 μεγαλήτορες,
1085 1093 1133 1136 ἐν
1165 1093 1211 1136 δὲ
1235 1093 1465 1147 Κύδωνες,

244 1190 248 1192 .
272 1152 488 1210 Δωριέες
512 1169 557 1197 τε
586 1152 817 1213 τριχάϊκες,
852 1154 945 1196 δῖοί
974 1166 1018 1194 τε
1050 1151 1282 1205 Πελασγοί.

128 1296 197 1321 τον
211 1284 325 1321 habet
348 1299 385 1323 ,v-
410 1285 496 1323 ἆπό.
532 1288 708 1324 Villoison.
747 1288 863 1333 priore
885 1289 939 1323 lo-

129 1343 189 1366 co:
221 1324 392 1378 „quidam
415 1334 533 1378 legunt
555 1333 820 1393 παλαιφάγου,
844 1335 936 1379 quod

127 1380 223 1412 recte
253 1380 377 1424 exponi
403 1386 521 1425 potest
549 1381 666 1416 πάλαι
698 1380 937 1426 εσθιομένηςε

127 1423 185 1469 alii
210 1436 294 1459 vero
317 1426 581 1471 παλαιφάτου,
611 1428 702 1473 quod
727 1429 937 1472 Sangevma-

126 1480 232 1504 nense
261 1471 652 1529 Ιεκ.1ι15.εκριίοειι.
698 1475 859 1514 παλαιοῖς
901 1486 934 1508 κ.

127 1512 317 1560 ἅρχαίας,,,-
336 1515 419 1561 περὶ
448 1513 492 1563 ἧς
515 1518 661 1561 ε’φασαν
686 1519 841 1559 ἔκπαλαι
866 1518 937 1563 μύ-

125 1564 267 1619 θους“
288 1583 334 1589 —
366 1565 468 1623 alium.
493 1577 626 1601 sensum
651 1567 778 1600 habent
810 1566 871 1601 illa
895 1567 935 1602 Il.

125 1605 171 1653 χ’,
207 1603 306 1644 12'6.·
342 1610 389 1646 ου
424 1611 491 1654 μέν
522 1624 599 1652 πως
630 1613 700 1648 νῦν
732 1612 828 1668 ἐστιν
859 1610 934 1648 ἀπὸ

126 1652 253 1710 δρυὸς,
276 1653 364 1692 ουδ’
388 1656 465 1692 ἀπὸ
489 1658 633 1717 πέτρης,
663 1661 725 1705 Τῷ
750 1658 937 1703 ὀαριζέμε-

125 1713 202 1744 ναι,
226 1696 292 1737 ἁτε
315 1704 503 1747 παρθένος
529 1703 662 1748 ἠΐθεός
685 1719 734 1741 τε.
763 1705 935 1739 Eichhosf.

125 1749 205 1786 162.
229 1752 266 1782 et
288 1750 345 1785 63.
370 1751 558 1795 adscripsit
580 1751 647 1785 illis
672 1752 821 1796 Virgilii,
850 1755 935 1785 Aen.

125 1795 169 1836 8,
181 1794 292 1829 ..3142
335 1796 419 1831 haec
442 1809 586 1831 nemora
608 1797 798 1843 indigenae
823 1799 936 1831 Fauni

124 1840 375 1885 Nymphaeque
405 1844 591 1885 tenebant,
615 1845 792 1888 Gensque
820 1845 935 1877 viram

122 1888 254 1922 truncis
277 1892 312 1921 et
331 1889 416 1922 duro
433 1890 551 1930 robore
568 1895 668 1932 nata,
691 1891 749 1924 ubi
773 1902 804 1923 v.
818 1891 933 1934 Hejn.

122 1932 292 1967 editorem
317 1934 466 1969 Nicetae
489 1916 683 1979 Eugeniani
710 1949 743 1981 p.
769 1939 825 1975 79
850 1936 931 1977 441,

122 1976 168 2013 de
183 1978 392 2014 locutione’
368 1980 442 2016 από
460 1981 586 2025 δρυός
593 1982 750 2021 adbiberi
766 1982 870 2024 jussit
889 1983 932 2017 Β.

171 2025 365 2062 166-171.
399 2027 482 2062 τόν
506 2026 623 2072 ἐμὰν
649 2026 810 2072 γόνον,
843 2028 931 2062 illud

121 2082 235 2117 genus
258 2083 393 2115 mcum3
416 2075 515 2115 illud,
541 2074 585 2108 de
605 2085 671 2119 quo
697 2078 777 2109 ante
800 2074 931 2108 dixisti.

122 2117 208 2152 haec
241 2117 294 2151 vis
325 2120 497 2154 articuli.
504 2139 556 2150 —-
590 2119 615 2166 ἦ
647 2118 753 2163 μὲν,
786 2117 812 2165 ἦ
842 2119 929 2164 μὴν,

120 2166 300 2208 profecto,
316 2165 416 2210 Virg.
450 2167 533 2200 Aen.
565 2168 608 2211 2,
640 2169 692 2202 3.:
728 2168 930 2210 Infandum,

121 2210 261 2254 regina,
275 2211 401 2267 jubes
413 2223 581 2249 renovare
604 2214 766 2247 dolorem.
789 2233 834 2238 —
859 2214 931 2248 δί-

178 2255 272 2290 .43.
302 2276 348 2282 -
380 2254 600 2304 ἀνείρεαι
635 2257 720 2304 ἠδὲ
751 2272 847 2304 μετ.
881 2257 929 2301 α’,

121 2268 203 2342 231,
229 2299 277 2346 η’,
302 2303 371 2338 243
394 2309 461 2339 etc.

69 2385 71 2389 f
169 2349 379 2384 172—182.
427 2349 629 2396 ,Κρήτη
670 2371 716 2378 -
756 2348 930 2397 πόντῳ.

121 2392 223 2437 Virg.
247 2394 333 2430 Aen.
356 2397 400 2437 3,
425 2397 524 2433 104.τ
561 2398 665 2432 creta
687 2399 783 2432 ,Iovis
806 2399 931 2443 matrm‘

120 2438 234 2473 medio
258 2440 356 2484 jacet
386 2443 502 2477 insula
521 2447 672 2487 Ροητο.ις
697 2445 752 2478 Cl.
780 2464 825 2469 —
850 2446 928 2479 πί-

121 2497 193 2529 ειρ
204 2498 248 2528 α,
280 2488 442 2533 pinguis,
475 2490 610 2523 fertilis.
637 2489 684 2535 β’,
706 2491 794 2533 328,
818 2491 856 2525 Il.
884 2489 927 2530 σ’,

120 2531 184 2566 541
214 2536 280 2566 etc.
305 2552 348 2558 —-
373 2532 473 2577 ἐνμ
487 2533 554 2577 ὲν,
589 2534 629 2571 ἐν
653 2536 719 2579 μέν
744 2548 823 2572 εισι.
871 2537 924 2570 Ε·

119 2575 277 2619 κάλλους
296 2579 528 2625 (elegantiae)
554 2584 674 2626 σχῆμα
695 2581 739 2642 1·εὸ
765 2596 812 2619 εν
837 2596 861 2626 μ
876 2581 925 2617 ὲν

118 2621 291 2668 Ἀχαιοὶ
323 2638 354 2660 κ.
382 2626 483 2683 ἑξῆς,
516 2629 620 2663 καθοὶ
644 2643 704 2665 και
736 2628 778 2665 τὸ
813 2628 857 2664 ἐν
883 2626 920 2664 δ’

119 2669 294 2713 ἲ’,μερος
319 2671 367 2707 ἐν
389 2671 427 2707 δ’
455 2671 700 2718 ὀαριστύς,
725 2674 922 2719 Πάρφα-

119 2726 187 2756 σις
211 2717 276 2759 (Il.
297 2715 339 2761 ξ’,
360 2719 472 2773 216),
495 2733 528 2754 κ.
552 2734 599 2755 τοι
621 2721 790 2756 τοιαῦτα.
817 2723 920 2756 Solu:

117 2763 312 2806 πολλοὶ,
346 2761 625 2820 ἀπειρέσιοι.
666 2767 836 2826 ἐπήνεγκε
869 2769 923 2813 τῷ

116 2810 285 2846 πολλοι
326 2808 368 2844 τὸ
411 2809 687 2857 ἀπειρέσιοι
735 2822 921 2860 αυξησεως

118 2866 248 2889 ενεκεν.
291 2856 356 2913 e,Ez
382 2854 725 2912 ἐνενηκοντάπολις
772 2860 813 2896 δὲ
851 2862 921 2896 νῦν

116 2898 258 2946 Κρήτη,
279 2898 302 2947 ἡ
329 2899 368 2936 ἐν
382 2900 509 2940 Ἰλιάδι
531 2904 740 2951 (132649)
725 2907 919 2951 εκατόμ-

115 2949 221 2983 πολι
234 2960 272 2991 ς,
302 2945 397 2984 κατὰ
421 2952 652 2997 περιπέτειαν
675 2953 738 3000 (ab
760 2954 916 3000 eventu)-

986 1282 1303 1341 ἀναστατωθῆναι
1322 1297 1403 1340 γαρ
1436 1294 1528 1328 φασι
1552 1281 1641 1320 δέκα
1671 1281 1798 1323 πόλεις

983 1329 1057 1367 ὑπὸ
1082 1331 1292 1375 Ἰδομενέως
1315 1329 1586 1370 ἐπανελθόντος
1615 1329 1653 1372 ἐξ
1675 1326 1796 1372 Ἰλίου,

985 1374 1046 1413 ὅτε
1071 1380 1214 1418 Λεῦκος
1238 1375 1352 1412 αὐτόν
1381 1376 1615 1432 ἀπήλαυνεν,
1641 1374 1706 1418 ὃν,
1728 1377 1797 1411 θε-

982 1424 1048 1459 τὸν
1066 1425 1187 1461 παῖδα
1212 1424 1428 1468 (adoptlvum
1445 1423 1567 1467 filium)
1590 1419 1695 1463 ὄντα,
1721 1419 1798 1466 φύ-

981 1472 1076 1505 λακα
1099 1472 1164 1516 τῆς
1187 1471 1373 1526 βασιλείας
1392 1469 1573 1509 κατέλιπε,
1597 1467 1794 1513 δράκον-

981 1530 1039 1552 τα
1062 1513 1296 1559 θρεπτὸν,
1331 1514 1380 1556 ὠς
1413 1513 1432 1551 6
1456 1514 1667 1571 Λυκόφρων
1690 1515 1795 1560 φησί.

980 1563 1049 1604 τοὶς
1082 1563 1122 1599 δὲ
1145 1561 1322 1602 τοιαύτας
1350 1561 1438 1597 δέκα
1469 1560 1596 1603 πόλεις
1623 1573 1797 1618 προσκτι-
1820 1570 1821 1590 ἐ

982 1610 1123 1666 σθῆναί
1154 1621 1272 1667 φασιν
1294 1607 1449 1652 υστερον
1471 1607 1564 1664 μετὰ
1598 1607 1645 1642 τοὶ
1675 1611 1795 1653 Τρωϊ-

981 1655 1039 1691 κά.
1071 1674 1116 1682 -
1152 1655 1270 1698 ε’τεροι
1303 1653 1344 1690 δὲ
1375 1653 1444 1699 οὐχ
1481 1651 1684 1711 ὁρισμένως
1717 1653 1797 1690 ἐκεῖ

981 1701 1113 1737 νοοῦσι
1129 1702 1196 1746 τήν
1212 1701 1467 1745 ἑκατόμπολιν,
1484 1699 1566 1736 αλλ’
1585 1698 1710 1740 ani-«39
1724 1700 1795 1746 τήν

980 1748 1206 1783 πολύπολιν·
1230 1749 1292 1783 καὶ
1317 1749 1452 1783 εἴωθεν
1475 1744 1574 1783 ου’τω
1597 1745 1690 1782 ποτὲ
1703 1750 1794 1792 λαμ-

980 1795 1169 1851 βαίνεσθαι
1199 1794 1240 1829 τὸ
1266 1794 1398 1831 ἑκατὸν
1429 1793 1494 1829 δια
1525 1793 1568 1830 τὸ
1591 1795 1794 1851 πρεσβεῖον

979 1843 1049 1877 τοῦ
1072 1839 1239 1881 ἐντελοῦς
1256 1841 1426 1885 ἀριθμοῦ
1445 1853 1540 1876 κατα
1558 1838 1601 1876 τὸ
1622 1839 1792 1897 ειιατόν

979 1887 1188 1923 θύσανοι
1213 1887 1273 1932 (Il.
1291 1887 1338 1933 β’,
1356 1887 1444 1932 448)
1468 1900 1500 1922 κ.
1525 1885 1690 1924 ἑκατὸν
1714 1885 1791 1924 πό-

980 1937 1097 1969 λεων
1128 1947 1186 1978 πρ
1197 1933 1425 1970 υλέεσσιν
1458 1933 1523 1978 (Ιι.
1556 1930 1596 1975 ε’,
1627 1932 1706 1969 744.
1741 1933 1789 1968 cf.

976 1992 1053 2015 ann.
1079 1980 1123 2014 ad
1147 1981 1188 2015 ll.
1213 1978 1259 2026 β’,
1283 1979 1381 2024 649.)
1406 1998 1451 2005 -
1483 1980 1682 2027 γλῶσσα.
1721 1977 1794 2025 τήν

976 2026 1168 2062 διάλεκτον
1190 2028 1357 2070 γλῶσσαν
1380 2025 1485 2069 λέγει.
1511 2045 1555 2051 -
1589 2027 1790 2083 Μυκηναί-

974 2086 1043 2129 ,ους
1072 2072 1114 2108 δέ
1138 2085 1232 2113 τινες
1255 2073 1364 2116 (Sch.)
1388 2069 1557 2107 ἐνταῦθά
1581 2084 1675 2116 φασι
1699 2084 1791 2114 τους

974 2117 1196 2164 Ἀχαιοὺς,
1222 2117 1400 2160 εἰπόντες,
1425 2131 1474 2159 ως
1499 2131 1594 2160 μετα
1614 2117 1662 2153 τὰ
1683 2116 1789 2154 Ἰλια-

975 2165 1023 2201 κά
1051 2165 1264 2224 Ταλθύβιος
1289 2164 1327 2200 ἐκ
1342 2166 1533 2210 Μυκηνων
1556 2162 1690 2221 ἤγαγεν
1713 2164 1790 2201 ἐκεῖ

975 2210 1162 2248 αποικίαν.
1187 2211 1492 2258 Ἐτεόκρητες
1512 2209 1553 2246 δὲ
1574 2211 1612 2246 οἱ
1632 2210 1788 2269 α’ληθαῖς

974 2256 998 2304 ἢ
1023 2257 1176 2316 ἀληθεῖς
1199 2259 1351 2302 Κρῆτες.
1388 2278 1425 2283 -
1452 2255 1702 2314 αυτόχθονες
1716 2271 1787 2297 ουν

976 2305 1013 2340 οὶ
1036 2302 1138 2346 Ἑτ.,
1163 2306 1370 2348 ἰθαγενεῖς,
1393 2302 1538 2359 γνήσιοι
1561 2305 1626 2348 τῆς
1648 2302 1785 2361 χώρας,

974 2350 1163 2402 λεχθέντες
1200 2349 1431 2407 Ἐτεόκρητες
1472 2347 1525 2404 ὥς
1564 2349 1658 2393 πρὸς
1695 2363 1785 2392 τους

975 2396 1183 2442 ἐπήλυδας,
1223 2396 1328 2433 καθὰ
1367 2397 1430 2432 καὶ
1471 2409 1523 2442 τῳ
1566 2395 1781 2442 Γεωγρᾶφῳ

976 2445 1109 2489 (Strab.
1130 2446 1184 2484 10,
1202 2441 1250 2486 4.,
1262 2445 1331 2478 vol.
1349 2445 1382 2478 2.
1400 2456 1434 2489 p.
1455 2443 1521 2478 371
1539 2442 1594 2477 ed.
1605 2443 1780 2500 Tauchn.)

973 2492 1086 2546 δοκεῖ.
1107 2512 1153 2517 —
1176 2489 1509 2545 μεγαλήτορας
1526 2487 1566 2524 δὲ
1585 2489 1673 2531 τούς
1681 2488 1781 2524 Ἐτε·

971 2535 1125 2595 όκρητας
1159 2534 1251 2580 λέγει
1284 2536 1349 2571 διοὶ
1372 2535 1414 2570 τό
1442 2533 1639 2579 ἀνδρείους
1671 2534 1780 2578 εἶναι,

971 2580 1021 2624 ὡς
1052 2581 1074 2628 ἠ
1100 2583 1213 2628 συχνή
1244 2586 1353 2625 πεῖρα
1377 2581 1442 2627 ἕδη
1434 2582 1548 2618 ’.λωσε
1574 2601 1615 2607 -
1642 2579 1685 2616 de
1713 2582 1761 2625 Cy
1762 2601 1781 2608 -

969 2631 1112 2663 (Ionibus
1148 2641 1182 2663 v.
1214 2642 1257 2670 γ,
1291 2631 1372 2664 292.
1421 2632 1494 2662 Αιιι.
1520 2628 1580 2661 Β.
1606 2627 1673 2672 [οι]
1709 2625 1780 2663 av'-

966 2675 1146 2731 τόχθονες
1170 2673 1356 2717 Κύδωνες,
1392 2673 1466 2709 vind
1492 2675 1682 2716 Κύδωνος,
1708 2675 1779 2709 τοῦ

966 2718 1195 2761 Ἀπόλλωνος.
1214 2733 1244 2754 v.
1263 2722 1369 2756 Paus.
1390 2720 1514 2755 Arcad.
1534 2733 1564 2754 c.
1580 2721 1638 2762 53,
1655 2720 1777 2765 Steph.

967 2769 1014 2812 Β)
1012 2781 1051 2802 z.
1077 2781 1108 2804 v.
1134 2769 1335 2809 Κυδωνία,
1372 2774 1408 2801 et
1440 2769 1484 2801 de
1508 2767 1592 2799 urbe
1618 2765 1777 2810 Cydonia

967 2814 1533 2858 cellar.1.p.1262‚1268.——
1556 2811 1659 2846 Sch..
1683 2824 1777 2868 τρι-

962 2860 1150 2915 χάϊκες.
1190 2873 1294 2905 τριχη
1330 2856 1592 2902 διαιρεθέντες.
1634 2857 1672 2892 οἱ
1703 2870 1774 2901 μεν

961 2919 1032 2951 γαρ
1057 2902 1227 2952 Ευβοιαν
1250 2905 1488 2964 κατῴκησαν,
1525 2903 1562 2940 οἱ
1586 2900 1628 2938 δὲ
1655 2906 1770 2939 Πελο-

960 2952 1171 3000 πόννησον,
1196 2954 1232 2992 οι
1256 2952 1297 2991 δὲ
1322 2950 1486 3000 Κρήτην.
1533 2948 1769 3006 Ἀπολλώνιος
