1821 3288
101 125 186 166 132
736 124 772 165 Ο
803 124 859 164 Μ
883 123 934 163 Η
962 124 1002 163 Ρ
1039 123 1075 164 Ο
1110 127 1150 166 Τ

272 229 405 288 μύθῳ
436 228 678 290 ἀναγκαίῳ.
713 232 772 289 μή
800 234 932 276 τοῦτο
960 231 1065 285 θεᾶς
1092 234 1312 279 τελέσειεν
1313 236 1343 262 “

239 333 575 425 sagigffiqffisvidere
598 346 722 381 procos
745 335 830 370 facit
853 335 1014 371 Minerva
1037 337 1204 373 mentibus
1227 338 1399 382 turbatis,
1432 340 1643 384 mortemque
1665 350 1764 385 prae-

158 449 240 492 345
345 446 430 498 Ὡς
464 447 579 503 φάτο
614 448 881 506 Τηλέμαχος
912 454 1153 505 μνηστῆρσι
1190 452 1236 496 δὲ
1265 451 1446 504 Παλλάς
1475 451 1637 509 Ἀθήνη

271 502 490 561 ἄσβεστον
522 507 631 562 γέλω
664 508 792 561 ώρσε,
823 507 1120 563 παρέπλαγξεν
1151 509 1197 553 δὲ
1225 509 1382 566 νόημα.

145 616 254 654 346-
260 618 339 654 357.
363 617 695 663 παρέπλαγξεν
719 617 770 654 δε
793 616 909 675 νόη-

98 676 181 708 μα,
215 670 248 699 et
271 671 418 698 mentem
452 677 567 699 eorum
592 667 773 700 alienavit.
809 677 844 699 v.
871 664 907 708 ι’,

99 714 142 747 81
178 716 245 745 etc.
281 730 327 735 —
360 711 411 743 E:
445 711 588 752 ἰστέον,
621 708 680 746 ότι
716 709 759 749 τὸ
791 725 910 756 γνα-

97 759 245 800 θμοῖς
267 757 410 801 γελᾷν
444 754 730 802 ἀλλοτρίοις
752 761 812 795 καὶ
838 758 908 793 νῦν

96 801 310 845 ἐπιπολάζει
331 802 505 858 λέγεσθαι
527 805 794 849 παροιμιακῶς.
819 804 908 846 τούς

96 848 167 894 γάρ
187 862 258 890 τοι,
266 846 341 906 ἐφ’
367 847 423 890 οἷς
451 849 502 895 μή
527 850 646 895 ἄξιον,
667 853 845 896 γελωντας
869 850 908 887 ἐκ

96 895 225 939 θυμοῦ
250 892 274 938 ἢ
302 898 511 940 αμηχανίας
534 897 655 940 τινος,
691 897 811 941 ξέναις
835 912 910 942 φα-

95 941 163 986 μὲν
198 941 307 987 γελᾷν
336 946 531 986 παρειαῖς,
573 941 694 988 ω’σπερ
728 945 789 981 καὶ
819 958 910 985 τους

95 986 189 1032 πρὸς
221 990 307 1034 βίαν
340 987 539 1030 ἐσθίοντας
569 989 775 1034 ἀλλοτρίοις
805 990 909 1026 εσθί-

97 1048 152 1071 ειν
182 1037 391 1079 γναθμοῖς,
423 1049 473 1077 ως
505 1036 579 1072 τῶν
613 1038 757 1072 οἰκείων
789 1038 909 1082 δῆθεν

96 1078 323 1139 ᾇκνούντων.
347 1081 410 1117 καὶ
434 1082 531 1118 έστιν
554 1081 574 1119 ὁ
605 1084 776 1124 τοιοῦτος
798 1085 908 1128 γέλως

98 1127 222 1186 ἕτερός
254 1142 311 1169 τις
339 1128 441 1172 παροὶ
468 1126 537 1164 τὸν
569 1129 765 1173 σαρδόνιον
782 1131 905 1186 (302).

94 1176 158 1211 καὶ
184 1173 300 1214 ἄλλως
324 1173 364 1209 δε
372 1173 535 1231 φράσαι,
558 1176 600 1211 τὸ
625 1177 675 1221 μή
699 1190 792 1212 κατα
811 1190 907 1232 προ-

96 1224 257 1264 αἰρεσιν,
291 1219 386 1265 μηδὲ
408 1218 550 1264 ἡδέως,
556 1221 748 1273 ἐνεργοῦν
772 1220 906 1265 μόριον

97 1266 190 1303 ουδὲ
224 1266 332 1312 μέλος
364 1268 504 1303 οἰκεῖον
535 1274 632 1304 εἰναι
664 1269 903 1313 λογιζόμεθα·

97 1311 120 1351 ὃ
142 1313 206 1349 καὶ
237 1314 273 1349 οὶ
297 1316 501 1368 μνηστῆρες
522 1315 738 1359 πάσχουσιν.
788 1314 841 1351 ε’τι
865 1313 906 1350 δε

94 1362 159 1397 καὶ
201 1357 338 1402 α’λλως,
382 1359 567 1418 σύμβολόν
599 1362 675 1397 εστι
713 1359 755 1397 τὸ
788 1361 906 1407 ρηθεν

94 1409 164 1443 τοῦ
199 1405 429 1463 ἐξεστηκέναι
459 1407 548 1448 τούς
578 1410 788 1453 μνηστῆρας
821 1422 905 1443 εαυ-

94 1456 189 1496 τῶν,
227 1451 277 1494 ὣς
303 1452 385 1489 οἷον
395 1452 502 1511 μηδε
536 1454 574 1489 ἐν
598 1455 763 1498 σώμασιν
787 1452 904 1489 εἶναι·

94 1522 142 1527 -
167 1498 329 1535 (ὄσσοντο
363 1498 433 1558 γὰρ
465 1498 538 1546 ἤδη
571 1500 745 1536 θάνατον
777 1500 907 1540 αὐτοῖς

97 1547 138 1582 αἱ
165 1546 296 1591 ψυχαὶ,
320 1548 382 1581 καὶ
406 1546 586 1591 ἁρμονίας
606 1550 764 1592 φυσικῆς
782 1546 906 1602 παρά-

96 1599 221 1635 λυσιν,
253 1592 317 1628 καὶ
345 1593 465 1636 μελῶν
500 1594 575 1637 [καὶ
598 1595 734 1638 μερῶν]
771 1590 906 1636 οἷποξέ-

95 1652 210 1677 νωσιν
233 1645 302 1674 etc.
327 1639 463 1673 notavit
478 1641 596 1679 Barn„
621 1639 824 1696 Euripidem
842 1641 906 1673 hu-

93 1686 243 1732 jusmodi
279 1685 382 1719 risum
406 1697 533 1720 vocare
556 1697 736 1727 vesanum,
768 1685 907 1729 γέλωτα

96 1730 475 1786 παραπεπληγμένον,
508 1732 611 1766 Herc.
645 1733 711 1766 sur.
747 1730 825 1766 844.
855 1731 908 1766 Cl.

97 1777 253 1814 adhiberi
273 1778 377 1822 jussit
400 1778 573 1812 Gatakeri
606 1778 842 1812 annotationes
864 1777 908 1812 ad

95 1825 304 1861 Antoninum
330 1827 363 1865 1,
390 1825 443 1859 15.
474 1824 540 1858 Β..
568 1826 802 1869 „Opportune
826 1824 910 1858 con-

94 1872 176 1907 tulit
188 1871 327 1906 Riccius
350 1870 432 1904 inde
456 1881 623 1915 expressa
639 1869 776 1904 Horatii
800 1871 909 1904 verba

95 1918 203 1963 (Sat.
233 1919 276 1958 2,
300 1918 344 1958 3,
367 1917 461 1960 72.):
504 1928 606 1960 quum
640 1916 756 1960 rapies
787 1915 822 1949 in
849 1916 908 1960 jus

100 1965 203 1999 malis
225 1963 395 1997 ridentem
420 1963 554 1997 alienis.
587 1961 755 1998 Dacerius
779 1967 814 1995 et
835 1961 909 1996 Da-

96 2010 193 2044 ceria
225 2009 423 2053 intelligunt
446 2009 632 2043 cachinnos
663 2007 904 2050 effusissimos;

97 2056 206 2110 quod
216 2055 274 2088 vix
305 2056 431 2099 placet.
478 2054 597 2089 similis
628 2059 745 2088 nostra
778 2053 905 2088 locutio

95 2114 144 2137 un
174 2102 244 2135 rire
268 2102 466 2154 empnmte,
492 2113 547 2133 un
570 2101 660 2141 rire,
691 2111 757 2133 une
774 2101 847 2142 joie
870 2099 905 2133 d’

95 2153 267 2192 amputat,
280 2145 338 2180 de
362 2147 432 2180 risu
456 2153 516 2180 aut
533 2146 659 2190 gaudio
677 2151 812 2189 coacto,
837 2157 905 2180 non

94 2195 256 2240 genuino.
303 2193 420 2226 latinis
452 2198 487 2226 et
522 2192 658 2237 graecis
688 2192 806 2226 verbis
837 2203 904 2226 non

95 2241 182 2275 alius
208 2245 262 2274 est
287 2250 429 2280 sensus;
462 2250 605 2283 nempe,
632 2237 746 2272 ridere
769 2249 834 2271 ιιοιι
861 2248 904 2271 ex

94 2287 226 2328 animo,
259 2286 374 2319 ridere
398 2296 460 2320 ore
484 2285 582 2328 quasi
612 2295 679 2318 non
703 2295 775 2318 suo.
858 2284 902 2318 D.

94 2332 283 2366 Montbel.:
307 2332 384 2373 „Ils
407 2331 534 2364 riaient
551 2331 631 2364 dun
654 2331 724 2364 rire
746 2331 902 2373 e'trange.

94 2379 172 2413 Mot
194 2390 214 2411 a
238 2382 330 2418 mot,
354 2402 378 2419 „
369 2377 466 2418 ‚„i1s
490 2375 616 2410 riaient
639 2387 724 2409 avec
748 2375 809 2408 des
833 2378 902 2409 ma-

95 2424 230 2458 choires
264 2424 510 2468 etrangeresf‘
500 2423 548 2441 “⁶
594 2421 807 2466 Expression
839 2422 902 2455 ad-

94 2469 239 2503 mirable
281 2481 366 2514 pour
412 2467 584 2514 exprimet
619 2474 710 2501 cette
735 2467 808 2511 joie
844 2467 902 2511 qui

94 2515 207 2549 tenait
229 2515 274 2548 du
299 2514 443 2558 vertige,
468 2519 503 2547 et
527 2514 612 2547 dont
636 2515 793 2547 Minerve
818 2513 901 2547 elle-

93 2565 201 2595 meme
223 2560 319 2595 avait
342 2561 465 2605 srappe
490 2566 568 2594 tous
592 2560 641 2594 les
665 2559 900 2604 pretendants.

94 2607 190 2641 C'est
223 2619 263 2640 ce
296 2617 361 2651 que
398 2608 486 2640 mad.
513 2605 639 2639 Dacier
672 2605 805 2639 traduit
837 2616 900 2650 par

95 2658 188 2686 cette
205 2653 330 2697 phrase
346 2652 513 2696 vulgaire,
537 2653 580 2685 ils
595 2652 725 2685 riaicnt
749 2653 772 2684 ὰ
785 2662 900 2695 gorg-e

94 2699 265 2742 de'ployaeie.
313 2699 354 2732 Je
385 2710 428 2732 ne
461 2696 552 2732 crois
582 2708 651 2751 pas
674 2697 757 2742 quil
787 2696 899 2731 existe

93 2748 200 2778 meme
231 2744 316 2778 dans
343 2744 478 2778 l'lliade
521 2754 588 2777 une
623 2742 788 2777 situation
822 2743 898 2787 plus

93 2790 236 2824 terrible
252 2796 288 2824 et
307 2790 365 2834 qui
381 2790 483 2824 laisse
502 2788 593 2822 des‘
584 2788 803 2833 impressions
821 2788 899 2832 plus

93 2836 334 2880 pathetiques.
354 2835 477 2880 jamais
499 2835 624 2869 l'effroi
648 2835 708 2868 des
731 2845 898 2879 pressen-

93 2881 232 2915 timents
263 2893 305 2915 ne
338 2881 394 2915 sut
427 2881 578 2926 exprime
609 2880 710 2914 d'une
749 2881 898 2914 maniere

95 2927 174 2972 plus
196 2927 349 2961 sublime.
388 2927 456 2961 Ces
480 2928 626 2961 hommes
650 2925 708 2972 qui
732 2925 899 2959 devorent

94 2973 155 3008 des
193 2972 336 3008 viandes
374 2983 498 3009 encore
536 2977 653 3008 toutes
690 2971 899 3015 sanglantes,

955 619 1015 664 qui
1038 619 1130 655 rient
1163 622 1184 654 a
1209 622 1318 666 grand
1351 622 1465 664 bruit‚
1493 624 1529 657 et
1553 620 1638 657 dont
1660 633 1766 666 pour·

954 671 1031 699 tant
1054 666 1106 700 les
1130 679 1219 710 yeux
1252 679 1290 702 se
1315 669 1528 713 remplissent
1552 669 1596 702 de
1619 669 1764 708 larmes3

955 724 995 745 ce
1021 713 1192 757 prophete
1216 713 1274 757 qui
1309 714 1387 758 deja
1421 715 1470 747 les
1502 715 1611 758 plaint
1643 721 1679 747 et.
1703 714 1764 747 de-

954 758 1050 802 plore
1083 760 1174 792 leurs
1206 771 1326 800 ruaux3
1359 760 1407 793 les
1438 762 1597 794 tenebras
1621 759 1706 793 dont
1738 759 1763 792 il
1800 800 1801 804 ¹

954 804 1004 837 les
1031 804 1102 838 voit
1127 805 1357 850 enveloppes;
1388 805 1421 838 le
1456 805 1559 838 sourd
1595 806 1763 850 mugisse-

954 856 1046 884 ment
1070 851 1129 895 qui
1152 851 1276 896 frappe
1312 861 1368 885 ses
1392 851 1553 894 oreilles;
1592 863 1649 885 ces
1674 852 1763 884 ruis·

955 908 1062 930 seaux
1087 897 1130 930 de
1153 907 1263 941 sang3
1295 908 1352 930 ces
1385 897 1518 930 ombres
1549 896 1765 941 remplissant
1801 913 1804 924 ι

955 943 1005 977 les
1029 943 1207 988 portiques
1231 950 1266 978 et
1291 943 1341 976 les
1359 954 1470 983 coum,
1495 947 1531 976 et
1555 955 1622 988 que
1640 943 1765 976 decou-
1800 951 1813 982 „¹

955 1001 1019 1022 vre
1047 1001 1110 1024 son
1135 989 1200 1024 oeil
1236 990 1492 1034 prophetique3
1525 989 1558 1022 le
1584 988 1681 1022 soleil
1705 987 1766 1032 qui
1800 995 1806 1014 ⁷

955 1034 1159 1069 s'obscurcit
1183 1035 1267 1072 dans
1301 1036 1352 1068 les
1377 1035 1500 1075 cieux,
1534 1034 1567 1069 la
1598 1035 1674 1068 nuit
1706 1034 1764 1078 qui

953 1092 991 1115 se
1016 1081 1185 1127 precipite
1210 1081 1254 1115 de
1277 1084 1391 1115 tontes
1416 1086 1531 1126 parts.
1565 1092 1604 1114 ce
1628 1085 1708 1114 sont
1731 1081 1764 1114 la
1800 1078 1802 1086 '

954 1128 999 1160 de
1031 1139 1089 1161 ces
1133 1129 1278 1162 beantes
1317 1132 1419 1171 qu'on
1457 1138 1500 1160 ne
1538 1130 1663 1159 trouve
1697 1138 1764 1170 que

954 1172 1037 1206 dans
1062 1174 1232 1215 Homiere,
1264 1184 1308 1206 ou
1334 1172 1418 1206 dans
1450 1172 1482 1206 la
1511 1172 1629 1213 Bible;
1662 1177 1698 1206 et
1732 1173 1764 1206 le
1795 1174 1797 1180 '

951 1230 1055 1264 repas
1079 1220 1124 1253 de
1147 1220 1311 1253 Baltazar
1335 1219 1503 1262 (Daniel,
1540 1220 1643 1263 chap.
1668 1219 1701 1259 5,
1729 1229 1763 1254 v.
1796 1231 1802 1245 ν

954 1267 984 1299 1.
1011 1270 1045 1297 et
1069 1265 1175 1309 suiv.)
1200 1270 1255 1298 est
1277 1265 1309 1298 le
1332 1265 1403 1297 seul
1427 1276 1584 1298 morceau
1610 1265 1651 1298 de
1675 1264 1763 1298 l'an-
1795 1303 1798 1305 ,

951 1310 1076 1354 tiquite
1101 1310 1158 1355 qui
1181 1311 1298 1356 puisse
1336 1310 1485 1354 inspirer
1515 1322 1580 1345 une
1614 1312 1763 1344 emotion
1802 1319 1804 1321 ’

952 1356 1029 1399 plus
1052 1357 1165 1400 forte,
1198 1368 1265 1390 une
1294 1361 1430 1389 terreur
1455 1356 1529 1400 plus
1554 1358 1765 1401 profonde.“
1794 1363 1801 1403 s

951 1402 1077 1436 Daniel
1108 1403 1130 1436 l
1162 1414 1193 1436 c.
1228 1403 1413 1436 secundum
1446 1402 1764 1446 interpretationem
1793 1405 1803 1446 ξ’

952 1448 1090 1483 Imman.
1115 1449 1291 1482 Tremellii
1317 1453 1352 1481 et
1376 1448 1552 1482 Francisci
1575 1447 1690 1482 Junii·
1728 1450 1760 1483 1.
1792 1453 1808 1492 ,ἶ

951 1494 1193 1528 Beltschatzar
1209 1506 1269 1528 rex
1287 1494 1607 1538 (Nebucadnetzari
1622 1495 1761 1541 nepos),
1793 1494 1799 1532 ζ

951 1540 1107 1574 facturus
1137 1541 1331 1574 convivium
1367 1552 1523 1584 magnum
1559 1540 1763 1585 proceribus
1792 1538 1796 1564 =¹

951 1587 1025 1620 suis
1048 1586 1138 1620 mille
1162 1598 1275 1620 coram
1300 1586 1389 1620 mille
1415 1587 1470 1620 his
1493 1586 1605 1620 vinum
1631 1586 1764 1620 bibitu-
1789 1621 1796 1647 Β

951 1643 1010 1665 rus
1036 1636 1122 1667 erat.
1169 1634 1203 1667 2.
1228 1633 1317 1666 Belt.
1346 1632 1456 1666 edixit
1488 1633 1531 1665 ad
1557 1633 1762 1676 gustandum

951 1678 1066 1712 vinum
1100 1677 1218 1711 afferri
1242 1690 1327 1712 vasa
1357 1689 1484 1719 aurea,
1517 1682 1554 1712 et
1583 1685 1763 1722 argentea,
1789 1691 1797 1707 ‚-

954 1735 1042 1767 quae
1074 1729 1322 1768 exportaverat
1345 1723 1653 1758 Nebucad-netzar
1677 1735 1763 1758 avus
1789 1747 1793 1769 ;

953 1781 1035 1802 suus
1070 1781 1114 1803 ex
1138 1771 1262 1814 templo
1278 1795 1288 1810 ‚
1322 1770 1413 1814 quod
1431 1773 1554 1812 fuerat
1576 1770 1765 1804 Jeruscha-
1786 1773 1793 1808 ζ’

953 1815 1084 1849 laimis=
1110 1819 1148 1849 ut
1171 1816 1329 1849 biberent
1351 1816 1385 1849 in
1410 1816 1460 1849 eis
1483 1827 1545 1850 rex
1571 1816 1660 1861 ipse,
1681 1828 1764 1861 pro·
1788 1815 1792 1822 ”

953 1872 1119 1907 ceresque
1135 1862 1220 1906 ejus,
1244 1873 1368 1895 uxores
1390 1862 1477 1906 ejus,
1500 1866 1536 1896 et
1554 1862 1765 1897 concubinae
1788 1859 1791 1862 ’

954 1909 1040 1952 ejus.
1082 1908 1116 1942 3,
1142 1908 1245 1942 Tunc
1267 1907 1381 1942 allatis
1406 1908 1499 1941 vasis
1523 1907 1648 1950 aureis,
1674 1919 1764 1954 quae

954 1959 1223 1999 exportaverant
1247 1966 1266 1987 e
1290 1954 1416 1998 templo
1440 1955 1560 1988 domas
1584 1954 1652 1995 dei,
1673 1966 1764 2000 quae

947 2003 1071 2044 fuerat
1103 2000 1405 2041 Jeruschalaimis,
1443 2001 1610 2034 bibebant
1640 2000 1676 2035 in
1712 2000 1764 2034 eis

951 2057 1012 2080 rex
1036 2046 1132 2090 ipse,
1157 2057 1385 2091 proceresque
1411 2046 1505 2090 ejus,
1531 2058 1654 2080 uxores
1678 2047 1763 2090 ejus,
1784 2046 1788 2051 ’

952 2098 989 2126 et
1012 2092 1220 2126 concubinae
1244 2092 1340 2136 ejus:
1386 2092 1420 2127 4.
1444 2092 1608 2126 Bibentes
1633 2092 1761 2135 vinum,

951 2138 1054 2172 etiam
1076 2138 1263 2172 laudabant
1287 2138 1369 2171 deos
1393 2148 1539 2178 aureos,
1574 2142 1610 2172 et
1633 2149 1762 2183 argen-
1781 2158 1787 2186 4

950 2189 1049 2228 teos,
1073 2195 1213 2224 aereos,
1240 2185 1398 2225 ferrem,
1422 2184 1575 2228 ligneos,
1612 2189 1648 2217 et
1671 2184 1760 2229 lapi-
1781 2190 1786 2209 ³

950 2230 1045 2264 deos.
1081 2232 1114 2266 5.
1139 2209 1270 2264 Eadem
1295 2231 1382 2263 hora
1405 2229 1538 2274 egressi
1561 2229 1663 2274 digiti
1685 2242 1759 2265 ma·
1781 2255 1783 2258 -

950 2279 1015 2310 nus
1038 2277 1205 2330 humanae
1227 2275 1461 2319 scripserunt,
1494 2288 1514 2309 e
1539 2277 1682 2319 regione
1703 2276 1758 2322 ly-

948 2322 1114 2363 chnuchi,
1145 2321 1181 2355 in
1215 2322 1358 2355 tectorio
1381 2321 1525 2366 parietis
1549 2322 1668 2366 palatii
1700 2334 1758 2356 re·
1780 2320 1785 2340 ”

948 2368 1016 2412 gii,
1055 2379 1138 2412 rege
1171 2367 1311 2401 vidente
1342 2374 1472 2412 partem
1497 2370 1637 2408 manus,
1665 2379 1757 2413 quae

947 2414 1132 2447 scribebat.
1175 2415 1208 2450 6.
1234 2414 1335 2447 Tunc
1358 2418 1431 2447 toto
1456 2413 1550 2458 regis
1571 2414 1757 2458 splendore

947 2461 1001 2503 (h.
1026 2472 1057 2494 e.
1083 2460 1193 2503 vultu,
1218 2459 1275 2504 qui
1291 2459 1448 2493 radiabat
1469 2460 1613 2503 gaudio)
1636 2460 1756 2494 immu-
1778 2473 1781 2502 ς

946 2511 1040 2547 tato,
1066 2510 1101 2539 et
1126 2504 1393 2550 cogitationibus
1417 2506 1491 2549 ejus
1516 2505 1755 2540 conturbanti-

947 2552 1010 2585 bus
1042 2551 1173 2596 ipsum,
1213 2563 1286 2585 cum
1311 2551 1447 2596 cingula
1470 2551 1656 2585 lumborum
1681 2553 1754 2596 ejus

945 2597 1113 2632 dissoluta
1136 2601 1272 2637 essent,
1308 2608 1490 2641 genuaque
1513 2598 1586 2641 ejus
1611 2597 1753 2632 collide-

944 2649 1024 2678 rent
1058 2643 1201 2678 alterum
1236 2643 1350 2684 alteri,
1397 2644 1429 2679 7.
1451 2643 1651 2677 Inclamavit
1689 2654 1777 2677 rex

944 2696 1093 2730 strenue,
1120 2695 1156 2723 ut
1172 2689 1426 2723 adducerentur
1445 2688 1620 2732 astrologi.
1646 2688 1752 2724 Chal-
1774 2730 1776 2734 f

945 2735 1044 2779 daei,
1079 2738 1115 2768 et
1148 2735 1369 2779 haruspices;
1403 2739 1438 2769 et
1463 2735 1665 2779 proloquens
1688 2746 1751 2769 rex

944 2781 1033 2815 dixit
1069 2781 1281 2826 sapientibus
1314 2781 1522 2824 Babylonisx
1584 2780 1750 2825 Quisquis

941 2827 1068 2872 legerit
1084 2828 1290 2871 scripturam
1313 2827 1412 2867 hanc,
1437 2832 1473 2860 et
1486 2826 1752 2870 interpretatio-

942 2884 1018 2907 nem
1043 2873 1116 2916 ejus
1140 2872 1346 2907 indicaverit
1367 2852 1470 2912 mihi,
1507 2882 1661 2915 purpura
1694 2872 1750 2906 in-

943 2919 1070 2973 dtuetur
1097 2930 1172 2953 cum
1195 2923 1319 2972 torque
1350 2929 1456 2951 aureo
1480 2918 1524 2951 ad
1548 2917 1703 2952 collum
1692 2929 1749 2962 1p-
1772 2928 1774 2946 ῑ

943 2964 1037 3007 sius,
1061 2976 1103 3000 ac
1126 2965 1251 3000 tertius
1281 2964 1316 2998 in
1340 2964 1404 2997 hoc
1427 2973 1535 3008 regno
1559 2963 1750 2998 dominabi-
