1821 3288
811 774 862 813 Ε.

283 859 1387 966 ΕΙΣΔΗΜΗΤΡΑΝ.

446 1205 1224 1247 ARGUMENTUM.

228 1313 362 1354 Poeta,
383 1310 538 1346 breviter
558 1310 710 1346 indicato
734 1310 875 1346 consilio
899 1321 982 1351 suo,
1014 1311 1157 1351 narrat,
1191 1307 1435 1354 Proserpinam
1457 1307 1663 1355 aliquando-

148 1358 252 1395 flores
275 1360 464 1403 legentem,
486 1358 582 1392 Jovis
608 1357 795 1402 permissu,
819 1363 953 1401 raptam
977 1368 1054 1391 esse
1079 1367 1100 1389 a
1124 1355 1280 1388 Plutone.
1322 1355 1446 1388 auditis
1472 1355 1563 1388 filiae
1588 1355 1655 1397 cla,

150 1407 299 1440 moribus
322 1406 430 1439 Ceres
456 1416 516 1449 per
539 1404 561 1436 9
586 1404 660 1437 dies
684 1415 757 1438 eam
789 1403 916 1448 ubique
939 1408 1105 1436 terrarum
1130 1400 1286 1444 quaerit,
1320 1400 1451 1434 decimo
1480 1400 1604 1434 incidit
1624 1401 1660 1435 in

146 1451 325 1492 Hecaten,
360 1450 442 1483 item
466 1455 693 1494 quaerentem.
735 1449 844 1493 igitur
873 1449 991 1482 ambae
1018 1451 1165 1492 pergunt
1194 1446 1238 1479 ad
1264 1445 1397 1487 Solem,
1431 1457 1452 1478 a
1476 1458 1542 1490 quo
1566 1451 1664 1492 post-

146 1508 248 1541 quam
273 1508 343 1530 rem
368 1496 511 1528 edoctae
533 1500 624 1535 sunt,
650 1500 688 1528 ut
710 1500 809 1538 gesta
832 1499 919 1534 erat,
944 1499 1072 1527 moesta
1097 1493 1214 1532 ceres,
1248 1491 1364 1535 specie
1388 1491 1557 1532 aniculae,
1582 1503 1662 1526 con-

145 1542 230 1577 sidit
254 1542 297 1575 ad
318 1540 534 1575 Parthenium
557 1541 683 1574 fontem
709 1540 967 1577 Eleusiniorum.
990 1539 1112 1584 quibus
1136 1537 1327 1582 imperabat
1340 1537 1475 1570 Celeus.
1502 1538 1582 1571 inde
1606 1549 1663 1572 re-

144 1588 200 1634 gis
224 1588 316 1622 filiae
349 1586 519 1621 abducunt
550 1587 641 1620 illam
666 1597 801 1627 secum,
837 1585 1051 1631 suscipitque
1075 1585 1140 1618 dea
1163 1593 1277 1617 curam
1313 1583 1483 1617 educandi
1518 1584 1662 1618 infantis

142 1634 233 1679 regii
257 1632 513 1677 Demophontis,
559 1644 656 1677 quem
692 1631 911 1666 immortalem
945 1631 1089 1665 reddere
1123 1629 1264 1674 cupiens
1297 1627 1451 1663 interdiu
1491 1630 1661 1664 ambrosia.

142 1680 303 1723 inungit,
327 1686 429 1713 noctu
452 1679 533 1723 igne
557 1678 693 1714 occulit.
738 1689 803 1722 quo
828 1679 1010 1711 observato
1035 1677 1126 1710 forte
1150 1687 1171 1708 a
1195 1676 1335 1718 regina,
1373 1675 1555 1720 ejulatibus
1588 1677 1662 1719 ejus

142 1726 362 1769 interpellata
386 1724 492 1757 Ceres
516 1735 631 1757 curam
652 1735 723 1757 eam
748 1723 904 1768 deponit,
936 1723 1032 1756 deam
1056 1733 1094 1755 se
1119 1721 1321 1765 profitetur,
1345 1725 1381 1754 et
1405 1721 1565 1766 templum
1590 1721 1658 1755 sibi

143 1770 275 1807 exstrui
294 1771 405 1814 jubet.
435 1771 566 1813 jussum
591 1770 659 1803 cito
681 1768 836 1803 efficiunt
860 1767 1042 1808 Eleusinii3
1074 1768 1195 1812 itaque
1221 1767 1252 1799 in
1277 1766 1335 1799 illo
1360 1768 1502 1812 templo,
1529 1767 1662 1801 relictis

145 1819 283 1851 deorum
308 1817 481 1856 coetibus,
506 1821 618 1849 manet
642 1814 767 1854 Ceres,
795 1820 829 1848 et
854 1814 1012 1848 mortales
1037 1825 1123 1847 anno
1152 1811 1266 1846 sterili
1290 1811 1427 1855 affligit.
1471 1824 1575 1858 quare
1596 1813 1660 1847 Ju-

144 1863 237 1909 piter
262 1862 404 1907 primum
429 1862 565 1903 hidem,
592 1860 669 1894 dein
695 1868 828 1894 ceteros
851 1861 947 1901 deos,
971 1859 1086 1899 mittit,
1121 1857 1319 1892 arcessitum
1345 1858 1434 1891 illam
1459 1858 1494 1892 in
1518 1860 1659 1894 coelum.

145 1915 183 1943 at
206 1909 313 1942 Ceres
337 1919 401 1941 non
425 1913 506 1941 ante
535 1919 572 1940 se
606 1908 650 1941 ad
675 1907 854 1951 Olympum
878 1906 1062 1940 redituram
1088 1904 1192 1946 dicit,
1230 1915 1329 1948 quam
1352 1904 1520 1938 reviderit
1544 1905 1660 1939 filiam.

144 1954 253 1999 igitur
276 1953 479 1992 Mercurius,
502 1954 706 1986 reducturus
733 1953 980 1996 Proserpinam,
1005 1950 1150 1985 mittitur
1175 1950 1219 1984 ad
1242 1950 1431 1991 Plutonem,
1456 1962 1520 1984 nec
1543 1951 1661 1997 repul-

142 2011 215 2036 sam
241 2000 374 2044 quidem
397 1999 528 2034 reditus
550 1999 620 2032 fert
644 2000 686 2032 ab
710 1998 792 2038 illo,
826 1998 887 2032 sed
912 2003 1053 2043 propter
1077 2002 1269 2041 gustatum,
1305 2007 1325 2029 a
1349 1997 1495 2030 Plutone
1519 1997 1660 2043 praebi-

144 2051 215 2080 tum
239 2057 403 2090 sponsae,
428 2056 568 2089 granum
593 2044 669 2078 mali
694 2044 809 2078 Punici
834 2055 873 2078 eo
898 2045 1098 2089 compulsam
1125 2043 1233 2076 Ceres
1258 2041 1353 2075 videt
1376 2041 1499 2084 filiam,
1532 2047 1570 2076 ut
1593 2055 1660 2077 una

142 2092 192 2126 illi
217 2104 236 2125 e
260 2093 368 2125 tribus
391 2092 470 2125 anni
498 2091 652 2135 partibus
677 2091 767 2133 apud
789 2090 921 2124 inferos
941 2089 1163 2133 transigenda
1187 2087 1240 2121 sit.
1264 2088 1382 2132 itaque
1407 2088 1559 2133 reginam
1584 2101 1658 2124 eam

142 2137 330 2172 Inserorum
356 2138 464 2181 prima
486 2137 613 2170 salutat
641 2137 782 2176 Hecate,
809 2136 947 2170 satelles
972 2136 1095 2169 exinde
1119 2136 1192 2179 ejus
1208 2134 1346 2175 futura3
1371 2135 1415 2168 ab
1431 2134 1518 2170 Jove
1544 2140 1659 2170 autem

143 2185 187 2218 ad
213 2184 372 2217 Cererem
397 2184 497 2216 missa
521 2183 617 2217 Rhea
638 2181 776 2216 reducit
799 2182 891 2216 illam
915 2180 958 2216 ad
983 2181 1152 2226 Superos,
1178 2180 1275 2214 donis
1301 2181 1498 2226 promissi53
1519 2182 1658 2227 jamque

143 2229 282 2275 placata
305 2229 412 2263 Ceres
436 2230 570 2273 frugum
595 2229 784 2262 ubertatem
811 2227 896 2263 facit
918 2227 1129 2269 hominibus,
1162 2227 1368 2273 regibusque
1391 2226 1579 2262 Eleusiniis
1599 2239 1656 2263 sa-

141 2286 274 2310 crorum
296 2286 432 2310 suorum
456 2286 571 2310 curam
595 2274 786 2309 committit.

181 2478 392 2556 Δήμητρ’
420 2498 636 2557 ἢΰκομον,
665 2512 827 2559 σεμνην
855 2500 974 2555 θεὸν,
1006 2497 1165 2556 ἄρχομ’
1195 2498 1369 2552 ἀείδειν,

183 2555 334 2614 αὐτὴν,
368 2556 443 2613 ἠδὲ
475 2559 680 2616 θύγατρα
708 2560 1012 2616 τανύσφυρον,
1039 2556 1095 2614 ἢν
1122 2555 1351 2607 Ἀϊδωνεύς

25 2701 27 2716 ³
50 2693 309 2728 Annotationes.
332 2692 484 2737 Hymnus
505 2694 562 2729 hic
582 2695 725 2741 primum
750 2708 807 2730 re-
852 2696 896 2731 21
922 2693 1079 2729 versibus
1103 2692 1303 2732 auctiorem,
1325 2693 1430 2734 atque
1445 2687 1655 2724 emendatio-

33 2743 124 2773 artus
165 2745 219 2774 est
262 2751 293 2773 a.
340 2741 438 2776 1780.
483 2752 504 2775 a
536 2742 665 2776 Christ.
709 2741 805 2778 Frid.
851 2752 943 2783 rem,
978 2751 1053 2773 cum
1086 2738 1294 2782 metaphrasi
1325 2735 1384 2769 lat.
1416 2734 1442 2768 Ι.
1468 2736 1513 2768 Η.
1539 2735 1655 2769 Vossii

24 2785 176 2820 annaei
222 2785 386 2819 Moscuae
439 2785 474 2819 in
515 2787 721 2822 biblioth-eea
765 2788 804 2822 S.
853 2792 888 2820 et
919 2785 1107 2831 appendice
1131 2784 1361 2828 Epistolarum
1385 2781 1525 2815 duarum
1553 2780 1653 2815 criti·

33 2831 148 2875 ynodi,
171 2836 208 2865 et
231 2833 274 2865 ab
294 2844 333 2865 eo
355 2830 475 2865 missus
499 2832 540 2866 ad
558 2834 804 2873 Ruhnkenium,
852 2844 975 2867 carum.
1005 2843 1102 2877 quem
1129 2830 1235 2864 secuti
1259 2834 1356 2866 sunt,
1388 2827 1506 2862 itidem
1529 2827 1566 2861 in
1588 2828 1654 2862 hoc

51 2875 268 2916 {editionem
301 2876 456 2920 ἓρμααζου,
481 2877 664 2924 principem
690 2881 806 2913 eodem
851 2884 983 2912 tantum
1033 2877 1183 2911 carmine
1235 2873 1437 2919 expoliendo
1480 2873 1654 2918 occupati,

49 2932 91 2954 no
115 2923 271 2966 curavit,
306 2924 512 2969 biennioque
540 2925 619 2971 post
652 2926 807 2972 alteram,
853 2923 1146 2961 Mitscherlichius
1170 2922 1293 2966 1786„
1326 2918 1485 2965 et.‚-J·-·⁷H·
1509 2919 1654 2956 Vossius

0 3010 6 3030 r
49 2978 192 3015 Home.
217 2981 365 3018 Onrss.
389 2980 454 3017 111.
1339 2970 1397 3011 2¹·
