1821 3288
369 701 1335 762 EPILOGUS.

23 1049 118 1118 Est
163 1093 283 1131 genus
322 1081 550 1130 hominum,
605 1082 748 1119 Lector
794 1082 970 1131 erudite,
1024 1081 1146 1119 simile
1200 1079 1380 1119 atriensis
1434 1078 1688 1127 Phaedriani,

24 1143 92 1193 qui
119 1142 158 1179 in
188 1156 320 1180 omnes
352 1148 480 1193 partes
503 1142 600 1192 reip.
629 1142 848 1180 litterariae
879 1142 1131 1191 discurrunt,
1161 1143 1411 1192 multumque
1439 1141 1590 1191 agendo
1620 1141 1688 1178 ni-

22 1198 81 1239 hil
111 1205 253 1249 agunt,
285 1206 440 1249 agentes
469 1197 717 1248 impediunt,
758 1199 865 1236 dieta
903 1213 1039 1237 eorum
1070 1213 1180 1238 secus
1210 1200 1540 1250 interpretantes,
1583 1198 1688 1235 facta

24 1257 252 1303 elevantes,
291 1255 411 1304 idque
442 1269 514 1307 per
555 1256 686 1293 omnia
726 1257 955 1305 studentes,
994 1263 1040 1294 ut
1078 1270 1117 1293 se
1154 1257 1332 1294 meliores
1362 1256 1411 1293 ad
1440 1256 1539 1293 imos
1569 1254 1689 1305 pedes

23 1312 203 1351 Parnassi
234 1312 465 1361 detrahant,
505 1312 555 1349 ad
595 1326 693 1362 quos
722 1312 818 1363 ipsi,
861 1314 988 1351 invito
1027 1312 1208 1359 Phoebo,
1250 1314 1416 1350 obscura
1441 1326 1512 1350 sua
1539 1311 1690 1349 habent

25 1369 234 1407 domicilia.
292 1368 438 1407 horum
467 1370 666 1417 nonnulli,
706 1383 794 1407 cum
824 1370 865 1407 in
896 1370 1137 1420 praefatione
1167 1371 1283 1421 primi
1320 1369 1531 1408 voluminis
1562 1369 1691 1406 dixis-

24 1430 129 1475 se'm,
160 1439 242 1462 non
273 1431 355 1463 tam
386 1426 487 1463 illud
517 1425 613 1463 mihi
643 1426 869 1463 faciendum
900 1427 1016 1463 fuisse
1055 1427 1097 1464 in
1137 1426 1211 1464 hac
1252 1427 1424 1464 editione
1453 1426 1691 1463 Homerico-

23 1496 115 1522 rum
146 1482 389 1531 carminum,
420 1489 466 1520 ut
496 1496 600 1519 nova
630 1484 848 1532 proferrem
879 1482 920 1518 in
952 1482 1146 1530 medium,
1178 1497 1296 1532 quam
1325 1490 1372 1520 ut
1402 1483 1566 1533 prolatis
1596 1488 1692 1519 ute-

23 1552 91 1578 rer
129 1544 168 1576 et
208 1538 404 1576 delectum
446 1538 674 1574 adhiberem
730 1537 780 1574 ad
819 1538 1055 1588 farraginem
1092 1539 1500 1589 animadversionum,
1548 1539 1694 1589 quibus

22 1596 124 1634 bene
149 1595 265 1631 multi
306 1595 499 1645 optimum
531 1600 659 1631 vatem
692 1594 813 1644 magis
851 1601 1070 1632 onerarunt
1114 1609 1234 1645 quain
1275 1603 1494 1642 ornarunt,
1525 1596 1568 1633 id
1598 1609 1694 1634 ver-

21 1652 119 1690 bum
149 1651 318 1701 simplex
359 1657 399 1687 et
428 1650 654 1687 modestum
687 1650 737 1687 ad
779 1651 918 1688 vivum
959 1659 1240 1702 resecuerunt,
1301 1653 1411 1702 quasi
1447 1652 1547 1690 nihil
1577 1666 1598 1689 a
1629 1665 1695 1690 me

22 1709 119 1747 novi
150 1709 418 1757 excogitatum
448 1707 519 1755 sit,
563 1706 767 1756 omnisque
810 1714 947 1745 nostra
978 1721 1096 1758 opera
1125 1709 1166 1746 in
1208 1709 1457 1760 excerpendo
1490 1709 1694 1750 consistat.

25 1765 157 1813 Quam
199 1777 269 1814 ego
309 1764 544 1801 calumniam
597 1762 709 1801 haud
750 1764 905 1814 dignam
944 1764 1191 1811 habuissem,
1239 1780 1357 1816 quam
1396 1766 1692 1817 redarguerem,

23 1822 98 1861 nisi
129 1821 206 1858 alta
235 1834 332 1858 voce
371 1821 653 1871 proclamatam
690 1820 732 1858 in
762 1822 893 1858 nescio
924 1822 1066 1871 quibus
1106 1822 1424 1874 ephemeridibus
1464 1829 1551 1861 tota
1589 1824 1696 1861 Ger-

23 1877 155 1917 mania
185 1877 471 1926 resonavisset‚
503 1877 684 1927 quamvis
727 1877 1061 1920 absurdissimam.
1120 1893 1210 1917 nam
1244 1881 1360 1930 quid,
1392 1893 1564 1930 quaem,
1602 1894 1694 1918 ma-

22 1935 203 1974 nifestius
234 1940 294 1971 est
321 1948 462 1984 quam,
504 1933 582 1971 hoc
615 1948 735 1984 opm,
776 1935 849 1972 nisi
880 1935 1016 1984 aliam,
1060 1944 1162 1974 certe
1191 1937 1298 1975 illam
1329 1937 1463 1975 dotem
1499 1937 1572 1975 sibi
1601 1937 1695 1990 jure

24 2005 97 2030 suo
126 1991 350 2042 vindicare,
380 1997 428 2029 ut
459 1991 666 2042 proprium
699 1991 890 2041 quiddam
917 1992 1187 2043 existimetur,
1218 2007 1291 2031 nec
1322 1995 1369 2031 ab
1400 1995 1477 2032 alio
1506 2008 1691 2045 quocun·-

24 2061 102 2100 que
134 2048 330 2099 pendens,
380 2061 429 2085 ne
459 2053 548 2085 tum
588 2047 775 2098 quidem,
824 2062 914 2087 cum
955 2050 1202 2101 superiorum
1239 2051 1506 2102 interpretum
1544 2052 1692 2103 placita

24 2118 378 2143 commemoramus
408 2111 526 2154 atque
556 2105 836 2155 expendimus,
869 2106 976 2155 quod
1007 2108 1133 2157 ipsum
1164 2114 1223 2145 est
1251 2121 1322 2145 suo
1348 2109 1497 2146 utentis
1524 2108 1689 2161 judicio,

24 2174 99 2200 nec
135 2162 177 2199 in
214 2161 393 2212 magistri
432 2162 497 2200 vel
538 2162 782 2200 celeberrimi
820 2163 942 2201 verba
985 2163 1184 2215 jurantis?
1237 2165 1306 2202 sed
1348 2166 1446 2215 fuit,
1488 2179 1615 2216 neque
1643 2166 1690 2205 id

23 2232 140 2264 raro,
179 2218 283 2256 'cum
321 2219 462 2256 ducem
506 2218 661 2256 nullum
697 2219 985 2258 inveniremus:
1025 2220 1156 2270 itaque
1187 2227 1254 2259 aut
1292 2228 1431 2260 nostro
1463 2222 1588 2260 Marte
1622 2236 1691 2262 res

25 2275 176 2327 agenda
219 2280 323 2325 erat,
373 2281 444 2313 aut
481 2288 591 2313 more
632 2276 854 2314 multorum
889 2277 1131 2327 faciendum,
1176 2278 1243 2329 qui
1283 2285 1399 2317 caute
1440 2280 1573 2326 silent,
1618 2280 1690 2318 ubi

24 2346 127 2382 aqua
164 2331 323 2381 haeret,
359 2340 402 2370 ut
444 2331 664 2382 intelligere
703 2333 918 2372 videantur
958 2334 1126 2384 scilicet,
1187 2348 1287 2386 quae
1325 2350 1408 2374 non
1449 2337 1688 2388 intelligunt,

25 2401 99 2427 nec
126 2389 241 2427 fateri
269 2389 534 2437 ignorantiam
564 2395 768 2440 cogantur.

141 2446 372 2497 Cujusmodi
406 2446 512 2484 fastu
549 2459 595 2483 ac
630 2446 809 2484 vanitate
838 2446 939 2485 nihil
974 2447 1147 2499 ineptius
1188 2448 1378 2500 bonisque
1414 2449 1558 2488 litteris
1594 2463 1690 2502 per-

24 2501 211 2541 niciosius
245 2501 337 2553 fingi
366 2508 520 2553 potest,
561 2503 755 2553 siquidem
785 2502 862 2541 hac
889 2504 1070 2556 inprimis
1102 2505 1151 2543 de
1181 2519 1298 2543 causa
1325 2506 1478 2545 mendis
1510 2507 1692 2545 foedissi-

25 2559 99 2597 mis
130 2572 254 2608 usque
285 2559 334 2595 ad
374 2565 550 2597 nostram
588 2561 820 2599 memoriam
860 2562 1057 2600 maximus
1097 2566 1214 2613 poeta
1254 2568 1292 2601 et
1331 2563 1562 2614 inquinatus
1597 2564 1689 2614 fuit,

25 2621 68 2653 et
96 2615 229 2653 adh‘uc
257 2616 421 2652 sortasse
451 2622 599 2665 scatet,
645 2617 677 2654 si
707 2617 978 2656 divinantibus
1012 2619 1124 2657 nobis
1153 2619 1264 2658 haud
1293 2620 1488 2659 successit.
1545 2633 1690 2660 verum

28 2677 90 2711 tot
121 2671 217 2709 mihi
247 2671 510 2711 consideranti
553 2679 688 2723 aperte
730 2674 852 2725 salsa,
902 2675 1069 2724 insulsa,
1107 2677 1372 2728 transposita,
1418 2677 1518 2715 male
1557 2677 1689 2716 inter-

26 2735 215 2780 puncta,
252 2742 333 2766 non
365 2742 458 2767 sane
492 2730 653 2769 videtur
695 2730 914 2783 abjicienda
944 2745 1026 2770 esse
1063 2745 1170 2784 spes,
1210 2734 1316 2784 sore,
1364 2739 1412 2773 ut
1441 2733 1690 2784 aliquantum

25 2791 211 2837 promota
241 2798 314 2836 ope
342 2791 477 2823 nostra
502 2786 634 2825 studia
663 2786 762 2825 haec
790 2787 1072 2827 humanissima
1103 2790 1308 2840 dicantur3
1346 2790 1453 2841 quod
1483 2796 1530 2828 ut
1558 2790 1686 2842 fieret,

26 2842 259 2892 plerumque
291 2842 383 2880 satis
408 2848 516 2892 erat,
561 2849 607 2881 ut
636 2844 691 2881 ita
720 2844 868 2893 dicam,
910 2846 1062 2897 aperire
1103 2846 1255 2895 oculos,
1295 2860 1369 2886 nec
1395 2847 1476 2887 fide
1514 2848 1686 2888 sublesta

28 2898 315 2938 Graeculorum
344 2905 464 2951 atque
492 2900 760 2940 recentiorum
790 2901 972 2941 codicum
1000 2903 1228 2943 indormire.
