1821 3288
70 73 156 114 390
449 65 766 114 ADDENDA
802 70 885 112 ET
921 68 1345 125 EMENDANDA.

73 179 162 228 γὰρ
186 180 341 221 αἰδώς
365 180 461 217 Καὶ
485 180 614 226 δέος·
648 180 817 226 α’ζηχὲς
847 179 939 226 γὰρ
964 176 1206 225 ὁμόκλεον
1230 178 1490 224 ἀλλήλοισι.
1514 181 1726 215 confidenter
1749 201 1753 206 ·

76 240 236 274 ponamus
260 226 388 272 ἀζηχὲς
422 226 453 263 τ’
477 226 534 274 ὅρ’
559 227 591 265 ὁ.
617 228 673 271 οἰ,
707 231 824 272 itaque
852 232 1020 272 perpetuo
1052 239 1088 261 se
1112 229 1255 262 invicem
1281 229 1576 262 adhortabantur.-
1614 239 1727 272 neque

76 276 164 309 enim
189 274 243 306 hic
267 274 362 307 locus
384 280 438 309 est
459 275 527 320 γὰρ
550 275 752 320 particulae.
778 276 858 307 sunt
880 273 970 306 istae
993 274 1136 307 voculae
1159 275 1295 319 saepius
1319 275 1502 307 confusae:
1527 284 1661 308 mann.
1685 273 1728 307 ad

77 320 121 361 σ’,
148 321 224 360 182,
248 320 328 362 296,
355 320 406 364 φ’,
431 320 520 364 439,
545 323 613 356 Od.
639 320 682 361 ν’,
707 322 785 359 417,
810 318 863 363 ψ’,
891 319 1112 354 174.-658.
1138 330 1215 352 ann.
1235 320 1286 353 sic
1309 320 1432 353 scrib.:
1462 338 1506 343 —
1532 318 1728 360 „librariisz

79 366 356 411 quemadmodum
381 368 413 401 h.
438 368 459 401 l.
489 380 566 412 pars
591 367 743 400 codicum
769 370 864 398 caret
884 365 951 398 ista
975 365 1164 410 particula,
1197 376 1283 409 quos
1308 377 1372 399 non
1397 370 1472 399 erat
1496 365 1585 409 quod
1609 377 1732 409 seque-

79 417 177 446 retur
199 412 333 446 Bam-‘⁶
359 433 406 440 ——·
428 415 506 449 712.
530 411 676 447 πολλοὶ
702 411 749 446 δὲ
776 412 1003 456 φάσγανα
1028 409 1222 446 -”Αλλα
1252 409 1336 454 μὲν
1369 412 1413 446 ἐκ
1445 412 1620 455 χειρῶν
1650 424 1732 455 χα-

79 458 230 501 μάδις
253 457 423 500 πέσον,
463 460 578 493 ἄλλα
614 456 650 493 δ’
678 454 744 492 ἐπ’
781 455 937 497 ὤμων,
961 455 1163 500 Ἀνδρῶν
1198 459 1528 501 μαρναμένων.
1567 457 1618 491 ita
1647 458 1734 490 haec

80 504 264 538 scribenda
291 517 366 538 esse
391 506 556 546 arbitror,
582 517 665 544 nec,
690 504 772 548 quid
796 505 861 538 sibi
885 503 994 536 velint.
1015 505 1157 548 vulgata
1182 502 1272 537 ἄλλα
1306 499 1343 537 δ’
1371 501 1438 537 ἀπ’
1466 502 1597 547 ὤμων,
1633 503 1735 536 intel-

82 549 162 594 ligo.
187 550 272 583 viris
297 552 547 594 pugnantibus,
571 551 656 584 alios
682 562 799 591 enses,
825 550 980 584 manibus
1003 561 1116 583 eorum
1141 561 1302 583 excussos
1327 549 1370 581 ab
1396 550 1623 590 adversariis,
1648 549 1736 582 humi
1783 581 1786 585 ,

28 634 31 638 ¹
84 595 254 629 cecidisse
280 598 383 635 (licit,
408 597 483 629 aliis
507 601 617 629 autem
643 597 800 629 humeros
824 607 940 629 eorum
967 607 1146 639 percussos
1170 608 1256 629 esse.
1273 607 1306 628 v.
1322 595 1365 628 de
1388 595 1482 628 hisce
1508 595 1738 640 praepositio-

84 642 206 683 nibus,
228 654 461 685 nonnunquam
488 643 682 686 permixtis,
705 642 747 683 λ’,
772 642 850 683 546,
875 640 917 685 ρ’,
944 643 1023 677 737.
1047 661 1093 666 —
1128 643 1206 676 729.
1233 641 1583 684 δεδοκημένος,
1627 652 1648 675 a
1675 642 1736 675 δο-

85 687 244 730 κοῖομαι,
274 687 426 730 ὄοκάζω.
455 689 565 732 Apoll.
592 689 626 722 h.
651 701 704 721 v.:
730 687 985 733 ἐκδεχόμενος,
1010 686 1205 732 ἐπιτηρῶν.
1229 688 1345 721 Schol.
1370 690 1432 721 A.=
1462 686 1637 727 δοκεύων,
1663 686 1740 722 ἐπι-

85 735 228 778 τηρῶν,
269 745 355 778 quae
381 735 507 767 habent
530 735 632 768 etiam
657 735 809 779 Hesych.
847 739 881 767 et
906 735 1021 779 Etym.
1055 735 1098 771 cf.
1128 735 1169 769 H.
1192 751 1240 759 --
1263 735 1342 772 740,
1367 744 1463 767 anm:
1503 731 1577 775 „ov'
1601 732 1671 778 γάρ
1694 753 1740 758 —-
1788 730 1789 734 ¹

85 784 165 821 τοῖς
187 783 295 814 πολ.“
316 781 408 813 sorte
432 780 559 814 excidit
582 778 675 815 εἶναι
698 788 775 826 post
798 779 954 827 πρᾴους.

179 829 229 867 Π,
258 828 310 862 15.
337 837 413 859 ann.
441 828 486 861 cf.
510 838 587 860 ann.
611 827 654 861 ad
679 829 746 862 Od.
773 826 823 872 φ’,
847 830 928 863 223.
954 846 996 850 -
1020 825 1169 860 25-27.
1194 825 1282 859 idem
1307 824 1352 858 de
1374 823 1468 858 hisce
1490 824 1647 858 versibus
1666 837 1745 859 sen-

89 871 138 907 tio
160 884 202 906 ac
225 871 268 905 de
293 871 336 915 o',
362 874 539 915 263—68,
564 877 600 906 et
622 874 858 918 fidejussorem
883 885 945 918 pro
970 884 1022 906 me
1053 872 1238 906 Homerum
1262 871 1351 904 dabo
1374 870 1487 915 ipsum
1519 871 1663 904 inferius
1686 873 1745 907 76.

89 924 125 952 et
149 920 226 961 77.‚
270 930 338 963 quo
365 920 437 952 loco
463 920 506 952 de
531 930 597 952 non
621 921 707 954 visis
736 921 779 954 ab
813 932 851 954 se
880 919 1044 954 Diomede
1076 923 1111 951 et
1142 921 1390 962 Agamemnone
1423 916 1513 950 haud
1543 924 1746 951 memoraret
1790 914 1793 927 '

90 965 258 1005 Achilles,
285 964 314 997 si
338 970 418 998 ante
444 967 684 1010 comperisset,
720 968 917 1000 vulneratos
948 966 1025 998 illos
1062 965 1151 997 domi
1174 965 1306 997 sedere.
1330 982 1376 988 —
1399 965 1454 997 29.
1491 960 1746 1008 ἀμήχανος.
1790 963 1793 989 i
1819 967 1821 987 l

89 1011 282 1045 laudandus
305 1016 381 1044 erat
405 1011 517 1056 potius
543 1011 585 1050 0¹,
615 1012 723 1047 14.—-
749 1014 803 1047 87.
818 1013 868 1045 sic
891 1009 1338 1056 interpungito:-⁷z0221v‚
1364 1010 1399 1043 εἰ
1422 1008 1461 1044 δέ
1483 1022 1602 1044 κεν-
1619 1007 1747 1052 “Hone-

91 1056 158 1100 Μή
188 1062 253 1091 etc.
288 1057 322 1091 εἰ
345 1054 386 1090 δὲ
420 1063 474 1091 est
509 1059 543 1092 s?
566 1057 631 1101 dr),
673 1059 702 1092 si
727 1060 881 1103 quidem,
924 1069 1030 1101 germ.
1065 1069 1162 1089 worm
1200 1057 1335 1089 amlers.
1369 1055 1502 1088 scilicet
1531 1067 1630 1100 quam
1663 1057 1749 1090 dicit

92 1104 243 1138 Achilles
267 1104 408 1147 gloriam
432 1103 607 1146 Patrocli,
633 1116 673 1137 ea
697 1104 730 1137 in
752 1105 815 1138 hoc
838 1104 914 1148 ipso
939 1102 1115 1143 consistit,
1147 1108 1187 1135 ut
1211 1103 1382 1145 Trojanos
1405 1101 1550 1134 navibus
1584 1102 1747 1147 expellat.

93 1168 139 1175 —-
165 1151 242 1185 103.
271 1160 346 1182 anu.
373 1148 498 1190 νόος.
525 1151 614 1182 adde
640 1148 682 1188 ο’,
706 1151 786 1184 461.
803 1168 849 1173 -
875 1151 950 1184 126.
978 1147 1315 1182 ἱπποκέλευθε.
1341 1148 1430 1180 haud
1450 1148 1533 1181 male
1554 1147 1746 1192 Bentlejus:

91 1194 381 1236 ὶπποκελενστοὶ,
405 1195 498 1239 quod
522 1196 672 1240 explicat
695 1196 846 1238 Hesych.
869 1207 902 1229 v.
926 1195 1039 1238 Heyn.
1061 1200 1097 1227 et
1119 1195 1222 1227 Schn.
1247 1205 1280 1226 v.
1307 1191 1587 1232 ἱπποκέλευθος.
1602 1213 1647 1218 —-
1670 1195 1749 1229 149.

95 1245 282 1279 Βαλίον.
307 1241 391 1275 imo:
415 1244 568 1275 Βαλίαν.
593 1254 627 1275 v.
653 1239 695 1282 τ’,
717 1241 797 1277 400.
823 1259 868 1265 --
894 1242 969 1275 180.
985 1246 1073 1273 not-2
1098 1259 1167 1279 „-
1193 1252 1214 1273 n.
1235 1238 1462 1282 χοροιριηλός,
1486 1240 1585 1284 quasi
1612 1236 1634 1282 ἦ
1659 1239 1750 1284 κηλή

94 1290 148 1329 εἰς
170 1287 306 1333 χορὸν,
330 1288 531 1321 chorearum
554 1288 732 1328 studiosa,
755 1286 1064 1332 quemadmodum“
1088 1293 1153 1319 etc.
1178 1305 1224 1310 —-
1247 1288 1326 1321 205.
1350 1284 1580 1327 νεώμεθα.
1602 1285 1752 1331 requiri-

94 1341 153 1369 tur
184 1335 382 1379 νεοίμεθα,
420 1340 646 1389 revertagnur.
683 1335 768 1367 haec
793 1333 945 1377 proclive
978 1333 1044 1367 fuit
1080 1331 1289 1376 permisceri.
1320 1350 1367 1356 —
1397 1332 1476 1367 242.
1511 1328 1636 1376 ὄφρα
1673 1332 1752 1368 καὶ

85 1379 268 1425 ’Έκτωρ
294 1380 516 1422 Εἴσεται,
544 1379 566 1424 η’
591 1380 647 1423 ῥα
671 1381 749 1414 καὶ
775 1380 879 1420 οἷος
904 1377 1158 1419 ἐπίστηται
1192 1378 1469 1422 πολεμίζειν
1499 1373 1753 1424 εΗμέτεερος

95 1426 347 1472 θεράπων,
376 1423 400 1472 ἤ
426 1426 470 1461 οἱ
506 1427 614 1461 τότε
645 1430 802 1469 χεῖρες
833 1425 1012 1460 ἄαπτοι
1043 1422 1314 1465 Μαίνονθ’,
1349 1420 1522 1459 ὁππότ’
1557 1423 1641 1469 ἐγώ
1675 1438 1753 1469 περ
1800 1419 1806 1427 ’

98 1474 152 1509 ἴω
177 1473 286 1518 μετὰ
319 1474 478 1518 μῶλον
502 1469 591 1517 ἄρη
607 1485 668 1511 ος.
693 1473 870 1516 Bergler.:
904 1475 970 1511 „ut
995 1476 1030 1504 et
1057 1472 1185 1504 Hector
1209 1470 1402 1513 intelligat,
1435 1482 1511 1504 num
1537 1473 1638 1505 etiam
1661 1473 1755 1505 solus
1796 1468 1797 1472 ¹

97 1521 188 1555 sciat
210 1530 367 1566 pugnare
389 1526 506 1553 noster
531 1519 696 1560 famulus,
721 1530 763 1552 an
789 1518 819 1551 ei
843 1523 925 1551 tunc
945 1523 1081 1551 tantum
1105 1528 1223 1550 manus
1245 1517 1396 1549 invictae
1412 1516 1596 1558 insaniant,
1619 1518 1755 1562 quando

98 1579 164 1611 ego
188 1570 259 1601 iero
284 1567 385 1609 (imoe
410 1566 467 1609 eo)
493 1566 534 1599 ad
563 1576 709 1610 pugnam
734 1563 897 1598 Martis.“
919 1564 1076 1596 similiter
1100 1564 1227 1607 Heyn,
1250 1562 1351 1595 etiam
1374 1562 1452 1607 ipse
1477 1563 1520 1596 de
1541 1575 1602 1597 suo
1627 1564 1756 1598 addens
1797 1573 1799 1582 ⁴

96 1613 141 1648 ‘to'
165 1619 326 1654 tantum,
353 1612 387 1645 in
413 1623 479 1656 quo
508 1611 560 1644 vis
584 1611 651 1644 sita
684 1615 737 1644 est
765 1609 965 1643 sententiae.
995 1615 1032 1642 at
1064 1609 1228 1651 ejusmodi
1260 1609 1382 1654 vocab.
1418 1620 1540 1641 vereor
1564 1616 1604 1643 ut
1629 1610 1757 1643 int-elli-
1798 1609 1799 1615 ¹

97 1659 245 1703 gendum
269 1659 416 1703 relinqui
451 1658 576 1702 possit,
608 1657 737 1701 vixque
764 1656 883 1689 dubito
908 1655 991 1698 quin
1028 1655 1126 1687 Hom.
1154 1654 1280 1686 dixerit
1303 1653 1346 1697 ᾖ,
1382 1654 1416 1688 h.
1442 1666 1473 1687 e.
1510 1651 1584 1695 ῶς,
1611 1655 1647 1691 οὶ
1673 1655 1757 1690 τότε

99 1713 166 1739 etc.
193 1704 349 1738 similiter
379 1706 480 1739 516.:
523 1702 627 1744 ἀνέρι
651 1701 860 1747 κηδομένῳ,
899 1700 954 1741 ὠς
989 1701 1059 1735 νῦν
1085 1698 1145 1743 ἐμὲ
1168 1701 1281 1743 κῆδος
1305 1697 1434 1734 ἱκάνει.
1459 1721 1504 1726 -
1527 1703 1608 1736 252.
1642 1707 1678 1736 et
1702 1703 1758 1736 hic

98 1755 134 1785 et
165 1749 212 1794 ν’,
238 1752 316 1786 212.
349 1762 416 1785 scr.
451 1747 570 1794 μάχης
601 1748 641 1791 ἓξ
667 1752 732 1784 ἀπ.
755 1767 801 1773 --
835 1748 914 1782 293.
942 1747 1017 1782 dele
1041 1747 1205 1790 virgulam
1233 1753 1311 1790 post
1343 1745 1498 1791 ἔσβεσεν.
1521 1766 1566 1771 -
1590 1748 1676 1790 295,
1700 1748 1758 1782 96.
1800 1746 1801 1785 J

97 1798 341 1841 θεσπεσίῳ
367 1795 529 1841 ὁμάδῳ
553 1818 599 1823 -
623 1794 810 1840 ὅμαδος
834 1792 871 1828 δ’
899 1791 1126 1832 ἀλίαστος
1151 1789 1344 1837 ἐτύχθη.
1369 1804 1454 1826 cave
1479 1792 1661 1838 quidquam
1686 1805 1760 1827 mu-
1799 1793 1802 1818 i

97 1845 238 1878 tandum
264 1855 416 1878 censeas.
451 1843 653 1888 simplicitas
676 1843 762 1876 haec
794 1846 847 1874 est
879 1841 1008 1873 veteris
1044 1842 1185 1885 poetae,
1229 1839 1317 1872 idem
1341 1839 1394 1872 bis
1419 1850 1440 1871 a
1472 1838 1620 1873 diversis
1650 1845 1761 1875 ortum

96 1890 153 1924 bis
176 1891 292 1924 eodem
322 1891 429 1924 verbo
455 1889 614 1923 dicentis.
629 1909 674 1913 —-
692 1890 774 1923 329.
798 1886 908 1920 malim
936 1893 1049 1920 tamen
1073 1885 1210 1920 πολέσι.
1234 1891 1342 1919 metro
1367 1884 1522 1918 timuisse
1544 1885 1683 1919 videtur
1707 1886 1760 1928 is,
1800 1884 1801 1894 ¹

97 1936 156 1982 qui
181 1937 310 1981 primus
334 1935 429 1970 dedit
451 1935 622 1971 πολέσιντ
648 1946 765 1968 verum
790 1933 839 1966 sic
864 1944 1001 1977 quoque
1025 1944 1147 1966 versus
1172 1938 1244 1965 stat
1267 1938 1362 1964 recto
1387 1932 1469 1972 talo,
1494 1936 1530 1965 et
1553 1943 1672 1965 cursus
1697 1933 1762 1965 ho·-

97 1983 400 2017 moeoteleutorum
424 1982 694 2026 interrumpitur.
719 2000 766 2005 --
788 1979 868 2014 342.
893 1985 962 2011 not.
988 1980 1078 2012 forte
1103 1978 1279 2011 Merionae
1312 1988 1431 2011 nomen
1468 1988 1531 2021 pro
1566 1979 1762 2012 Acamantis
1801 2012 1803 2021 ¹

97 2028 326 2075 perscriptum
350 2034 414 2064 est.
441 2048 488 2053 —
511 2029 589 2063 349.
614 2025 664 2062 τὸ
693 2024 733 2061 δ’
761 2024 850 2060 nivo&
877 2024 1024 2068 στόμα
1048 2038 1080 2058 κ.
1105 2022 1223 2057 nato}
1247 2022 1389 2066 ῥῖνας
1414 2023 1573 2066 Πρῆσε
1596 2024 1762 2068 χανών.
1802 2046 1803 2051 =

96 2076 203 2117 mira,
227 2086 271 2108 ne
295 2075 405 2109 (licam
430 2075 567 2120 inepta,
605 2073 799 2118 conjunctio
825 2071 982 2104 diversae
1007 2071 1152 2104 notionis
1178 2069 1467 2115 praepositionum
1495 2069 1568 2103 olm}
1594 2075 1628 2103 et
1654 2069 1761 2105 κατά.
1802 2110 1804 2114 .

97 2133 208 2166 quare
231 2121 364 2155 malim:
398 2120 440 2157 τὸ
467 2121 508 2156 δ’
533 2117 612 2164 ἅμα
636 2132 686 2154 or.
712 2134 744 2154 κ.
768 2117 863 2153 κατὰ
887 2116 942 2159 (5.,
967 2118 998 2153 11.
1024 2129 1053 2150 e.
1078 2115 1120 2151 τὸ
1146 2117 1182 2150 δ’
1211 2115 1287 2160 ἅμα
1312 2114 1408 2149 και-οὶ
1433 2128 1483 2149 στ.
1507 2116 1571 2150 καὶ
1596 2116 1651 2158 ἐκ,
1683 2121 1765 2150 nota

97 2172 284 2202 structura.
310 2179 415 2211 saepe
435 2180 461 2211 μ
486 2171 521 2200 et
546 2181 568 2201 ν
593 2166 772 2212 permixta.
798 2183 844 2189 —
867 2165 948 2198 353.
979 2174 1043 2196 scr.
1081 2162 1185 2198 ὗπέκ.
1213 2184 1258 2189 -—
1281 2162 1360 2196 460.
1392 2160 1477 2196 τόν
1509 2162 1566 2196 οἱ.
1598 2174 1685 2208 pace
1709 2162 1764 2195 di-
1802 2167 1805 2198 ζ

96 2213 276 2259 gammatis
299 2214 427 2247 suadeo
451 2213 517 2248 τὸν
541 2211 581 2248 δ’
608 2213 669 2253 οὶ,
706 2213 740 2245 h.
771 2224 800 2245 e.
834 2209 899 2244 τὸν
924 2207 969 2253 δή
1008 2208 1056 2243 οἱ.
1081 2209 1258 2254 aptissima
1292 2208 1481 2252 particula,
1524 2220 1624 2252 quam
1649 2214 1764 2242 notum
1802 2207 1805 2214 ⁴

97 2264 152 2294 est
175 2272 280 2305 saepe
303 2259 487 2294 excidisse.
512 2281 558 2286 —-
581 2258 661 2294 469.
686 2268 806 2291 versus
829 2254 1073 2298 ταυτολόγος,
1098 2256 1155 2300 qui
1181 2255 1298 2300 procul
1324 2254 1426 2287 dubio
1451 2264 1494 2287 ex
1518 2255 1678 2299 Odyssea
1700 2255 1766 2288 im-
1803 2281 1819 2297 ..¹

97 2306 271 2350 migravit.
295 2325 340 2331 —·
365 2306 447 2341 522.
473 2305 647 2341 molestior
671 2309 784 2338 tamen
809 2302 863 2336 hic
888 2303 1023 2341 hiatus,
1051 2302 1222 2346 dignaque
1247 2307 1299 2334 est
1324 2305 1423 2334 vetus
1447 2300 1641 2345 scriptura,
1665 2311 1764 2346 quam

99 2352 343 2397 expendamus,
369 2352 529 2396 equidem
552 2363 664 2395 neque
687 2350 796 2390 illam,
832 2360 942 2394 neque
967 2348 1162 2391 vulgatam,
1200 2347 1330 2380 omnino
1354 2347 1537 2389 genuinam
1565 2354 1671 2392 puto,
1705 2346 1766 2380 sed

99 2411 145 2432 ex
167 2402 314 2443 utraque
338 2398 519 2432 conflatam
544 2399 649 2431 hanc:
686 2393 705 2431 ὁ
732 2394 770 2430 δ’
795 2393 880 2430 οὐδ’
908 2389 958 2433 ὥς
982 2394 1120 2433 παιδός
1146 2392 1301 2436 &miz-u,
1339 2389 1425 2426 οὐδ’
1455 2388 1527 2434 ὥς,
1551 2405 1593 2426 πο
1616 2394 1665 2426 sic
1691 2393 1766 2436 qui-

100 2446 176 2479 dem
192 2470 202 2487 ,
227 2456 302 2479 cum
325 2445 457 2478 occisus
484 2446 529 2478 sit
550 2443 732 2488 Sarpedon
757 2445 793 2474 et
817 2442 852 2474 in
878 2452 951 2474 eum
977 2452 1033 2473 res
1058 2441 1202 2473 deducta
1227 2440 1347 2479 locum,
1371 2443 1410 2472 ut
1435 2450 1561 2483 corpus
1588 2441 1661 2483 ejus
1685 2450 1767 2483 spo-

100 2490 202 2525 lietur
225 2496 332 2535 atque
355 2490 547 2524 dilanietur.
597 2490 664 2523 od.
690 2487 734 2534 β’,
760 2489 838 2522 23.e
873 2485 956 2522 ἀλλ’
988 2484 1083 2521 οὐδ’
1115 2483 1165 2525 ὥς
1196 2487 1265 2519 τοῦ
1290 2483 1438 2529 λήθετο.
1484 2484 1647 2530 §cinicus
1671 2484 1765 2518 Nub.

101 2536 202 2572 5122
228 2534 311 2572 ἀλλ’
337 2534 425 2571 οὐδ’
451 2533 503 2577 ὣς
526 2532 625 2579 ὑμᾶς
647 2532 747 2569 ποθ’
772 2531 865 2568 ἑκών
887 2532 1072 2576 προδώσω
1097 2538 1162 2565 etc.
1189 2531 1310 2565 similia
1335 2527 1384 2571 ὥς
1409 2536 1444 2564 et
1468 2530 1532 2565 ait:
1569 2530 1677 2574 igitur
1702 2531 1766 2563 hoc
1804 2548 1810 2560 r

102 2584 195 2618 forte
217 2583 432 2628 perscripto,
455 2583 581 2628 duplex
605 2587 700 2615 ortus
726 2583 778 2614 est
802 2591 919 2623 error,
946 2579 1021 2613 aliis
1045 2578 1294 2622 corrigentibus
1325 2577 1456 2617 παιδὶ,
1490 2576 1544 2610 cui
1569 2575 1768 2609 conveniret
1818 2594 1819 2614 ;

104 2622 155 2675 ᾦ,
181 2630 255 2664 aliis
281 2629 487 2675 ponentibus
513 2625 578 2671 οὗ,
602 2628 693 2673 quod
717 2627 909 2660 referretur
934 2626 976 2658 ad
1002 2623 1150 2664 παιδός.
1183 2625 1290 2669 ipsum
1315 2624 1401 2657 illud
1437 2621 1455 2657 ὁ
1484 2622 1527 2657 δ’
1552 2619 1633 2657 οὐδ’
1657 2617 1704 2656 οὖ
1726 2634 1766 2655 π.

105 2673 141 2710 ἀ.
164 2678 384 2722 κακοφωνίᾳ
408 2676 553 2709 laborat.
570 2696 616 2701 -—-
639 2674 718 2708 567.
739 2671 853 2712 Ζεύς
877 2670 917 2706 δ’
943 2669 1023 2706 ἐπὶ
1052 2667 1328 2722 νύκτ’βλοὴν
1357 2668 1532 2704 τάνυσε
1560 2667 1767 2722 κρατερῇ

105 2719 315 2767 ὑσμίνη,
337 2721 491 2766 ’Όφρα
517 2722 642 2766 φίλῳ
667 2719 777 2761 περὶ
809 2718 955 2752 παιδὶ
989 2717 1149 2762 μάχης
1182 2716 1291 2756 ολοός
1322 2715 1474 2755 πόνος
1497 2715 1581 2758 εἴη.
1620 2720 1768 2756 cuinam,

107 2760 370 2814 quaeso‚¹haec
395 2767 583 2813 placeant?
617 2770 676 2800 aut
701 2766 784 2810 quid
810 2764 951 2798 attinuit
975 2765 1152 2808 caliginem
1177 2763 1313 2803 induci,
1349 2774 1416 2806 quo
1449 2762 1612 2796 acerrime
1637 2771 1770 2804 pugna·
1804 2767 1806 2806 ]

107 2816 230 2849 retur?
269 2815 403 2849 scilicet
425 2815 544 2848 melius
567 2813 644 2846 luce
677 2810 862 2856 pugnaturi
887 2815 986 2844 erant
1011 2809 1140 2844 Graeci
1166 2814 1201 2842 et
1233 2809 1396 2853 Trojani3
1438 2818 1504 2852 qua
1529 2806 1572 2839 de
1600 2817 1638 2839 re
1673 2809 1770 2838 extat
1806 2838 1807 2845 χ

108 2861 306 2905 praeclarus
328 2862 423 2896 locus
447 2859 490 2904 ρ’,
512 2860 592 2896 645.
617 2858 744 2893 affecta
767 2857 853 2891 haec
876 2861 966 2897 sunt,
994 2856 1261 2901 ponendumque,
1287 2855 1353 2888 nisi
1372 2854 1485 2893 fallor,
1512 2850 1630 2896 μάχης
1657 2849 1771 2892 ἀλαὸς
1805 2851 1807 2887 ’1

108 2905 242 2949 πόνος,
275 2918 396 2942 caecus
417 2912 564 2951 impetus
583 2910 732 2950 'pugnae
766 2914 828 2948 per
852 2902 1057 2946 caliginem,
1093 2901 1186 2945 quod
1210 2904 1382 2934 nostrates
1413 2899 1530 2932 dicunt
1554 2899 1609 2931 cin
1640 2898 1770 2932 blindes
1805 2909 1807 2938 ᾗ

114 2954 312 2994 Gemetzcl3
341 2953 396 2988 vel
419 2954 560 2996 irritus,
586 2962 652 2997 quo
678 2960 778 2984 sensu
802 2947 1033 2994 ἄλαοσκοπιή
1055 2948 1185 2992 legitur
1209 2946 1252 2991 ν’,
1272 2949 1315 2983 10
1331 2951 1366 2981 et
1389 2945 1495 2980 alias:
1517 2943 1674 2990 quoniam
1692 2954 1770 2978 cor-
1806 2943 1808 2956 '
