1821 3288
517 90 1107 133 ΟΔΤΣΣΕΙΑΣ
1167 91 1214 131 Υ.

1605 92 1689 132 133

191 203 237 246 οἷ
265 198 307 245 δ’
337 198 422 269 ἤδη
449 203 692 255 γναθμοῖσι
718 200 904 269 γελοίων
932 197 1245 253 α’λλοτρίοισιυ,

187 260 498 327 αἷμοφορυκτοι
528 256 575 300 δὲ
605 257 658 312 δὴ
684 256 790 311 κρέα
823 255 1006 328 ἤσθιον,
1040 254 1143 299 ὄσσε
1175 254 1216 298 δ’
1248 254 1335 309 ἄρα
1366 256 1518 314 σφέων

187 313 440 371 δακρυόφιν
472 315 746 370 πίμπλαντο·
778 316 888 370 γόον
917 312 964 358 δ’
998 312 1125 357 ὠΐετο
1156 311 1315 369 θυμός.

603 429 638 450 v.
629 416 694 451 sio
726 416 977 462 Theoclymeni
999 414 1103 451 vatis.

73 488 158 532 350
189 488 302 530 τοῖσι
333 483 380 527 δὲ
416 483 492 527 καὶ
519 483 728 553 μετέειπε
742 485 1045 554 Θεοκλύμενος
1072 482 1296 539 θεοειδής·

265 537 336 595 ,,Ἀ
367 541 516 592 δειλοὶ,
548 543 590 583 τί
619 540 759 585 κακόν
788 541 888 585 τόδε
917 540 1121 597 πάσχετε,
1156 541 1281 584 νυκτὶ
1310 540 1391 594 μὲν
1418 538 1566 594 ὑμέων

189 598 386 641 εἰλύαται
413 599 603 652 κεφαλαί
632 615 689 649 τε,
720 598 937 652 πρόσωπά
966 615 1024 651 τε,
1053 599 1185 653 νέρθε
1214 613 1258 640 τε
1286 600 1453 654 γοῦνα·

191 653 359 709 οἰμωγη
392 654 438 698 δε
470 655 606 709 δέδηε,
637 653 927 709 δεδάκρυνται
960 655 1006 698 δὲ
1035 656 1234 709 παρειαί·

191 713 339 765 αἵματι
370 709 410 754 δ’
442 711 683 766 ἐρράδαται
711 717 863 767 τοῖχοι,
893 712 1023 755 καλαί
1052 729 1095 755 τε
1124 711 1359 766 μεσόδμαι·

78 772 161 814 355
192 768 386 810 εἰδώλων
418 767 464 810 δὲ
493 769 628 811 πλέον
656 768 901 822 πρόθυρον,
929 769 1054 837 πλείη
1084 769 1130 812 δὲ
1159 769 1233 812 καὶ
1263 766 1394 825 αὐλὴ,

193 826 375 879 ἱεμένων
392 823 624 895 ’Ἐρεβόσδε
652 824 744 868 ὑπό
775 824 935 895 ζόφον·
966 822 1110 878 η’έλιος
1142 826 1188 869 δὲ

193 880 393 938 οὐρανοῦ
421 880 676 933 ἐξαπόλωλε,
706 880 818 937 κακὴ
851 879 895 925 δ’
925 881 1205 937 ἐπιδέδρομεν
1234 879 1410 937 ἀχλύς“

295 983 444 1018 derisum
477 983 570 1017 illum
595 982 721 1018 abduci
754 983 791 1018 in
814 983 1008 1018 concionem
1032 984 1133 1028 jubet
1157 984 1408 1030 Eurymachus.

254 1050 339 1102 ’.Ως
368 1050 526 1107 ἔφαθ’·

560 1053 606 1094 οἱ
633 1051 678 1096 δ’
711 1051 800 1103 ἄρα
830 1068 988 1103 παντες
1016 1050 1086 1095 ἐπ’
1118 1050 1238 1124 αὐτῷ
1269 1050 1356 1107 ἡδὺ
1385 1050 1616 1107 γέλασσαν.

187 1112 328 1152 τοῖσιν
358 1108 399 1151 δ’
434 1106 715 1164 Ευρύμαχος,
746 1108 962 1162 Πολύβου
991 1109 1106 1160 πάϊς,
1137 1106 1238 1165 ἦρχ’
1270 1109 1519 1180 ἀγορεύειν·

77 1170 162 1211 360

276 1164 536 1220 ,,Ἀφραίνει
553 1167 693 1218 ξεῖνος
718 1166 823 1208 νέον
854 1165 1043 1209 ἄλλοθεν
1073 1166 1355 1236 εἰληλουθώς.

190 1219 299 1267 ἄλλα
327 1239 404 1280 μιν
435 1221 556 1276 αἶψα,
587 1222 693 1276 νέοι,
725 1222 869 1281 δόμου
898 1222 1174 1283 ἐκπέμψασθε
1202 1222 1382 1280 θύραζε,

21 1371 90 1406 tur.
111 1389 158 1396 --
189 1371 247 1406 30.
271 1370 402 1407 Eadem
425 1376 526 1406 nocte
548 1371 755 1406 interfectus
779 1375 835 1407 est

21 1417 283 1458 Beltschatzar‚
321 1429 385 1452 rex
418 1418 678 1452 Chaldaeorum.
705 1437 747 1443 —-
791 1417 833 1453 τό

21 1465 221 1520 γελοίων
237 1463 498 1506 πλεονασμόν’
488 1463 558 1509 ε’χει
570 1464 638 1500 τοῦ
655 1465 761 1506 ἰωτα,
784 1477 835 1505 ως

23 1506 99 1544 ἀπὸ
129 1509 196 1545 τοῦ
221 1508 368 1554 γελόων,
391 1510 505 1554 ἤγουν
522 1510 661 1555 ἐγέλων,
687 1508 836 1568 γενόμε-

23 1568 100 1591 νον.
149 1555 224 1592 ἔστι
247 1557 318 1601 γὰρ
341 1557 454 1602 γελόω
479 1557 600 1602 ῥῆμα,
636 1557 687 1598 οὖς
721 1555 833 1601 ὁρόω,

23 1601 143 1650 βοόω,
166 1616 201 1638 τι.
224 1603 272 1637 τοὶ
296 1616 462 1639 τοιαυτα.
512 1603 573 1640 διὸ
596 1604 658 1640 καὶ
682 1603 835 1660 γελόων-

23 1661 81 1690 τες
103 1649 181 1693 ἐρεῖ
201 1646 241 1683 ἐν
256 1654 335 1691 τοῖς
353 1650 434 1696 ἑξῆς
449 1650 567 1695 (374),
590 1651 652 1687 καὶ
678 1647 736 1686 αὖ
748 1663 834 1696 ταρ

23 1694 108 1741 ἐγώ
132 1696 286 1755 γελόω
319 1710 353 1731 κ.
378 1697 619 1754 τέρπομαι
645 1696 715 1741 (φ’,
739 1699 835 1742 105),

22 1743 85 1778 καὶ
125 1742 269 1788 προιών
304 1741 346 1778 δε
390 1740 507 1798 αὖθις
549 1745 836 1788 γελοίωντες

24 1786 131 1833 (ἂν)
167 1790 266 1825 εἴποι
300 1786 397 1848 nato}
436 1785 570 1834 ὅμοιον
601 1789 836 1834 πλεονασμόν

24 1836 150 1879 (390),
185 1834 249 1870 οἷοι
281 1836 332 1881 μή
367 1836 460 1881 ἔχων
492 1837 609 1871 εἰπεῖν
633 1835 836 1879 γελωωντες

22 1881 117 1939 μετὰ
143 1880 321 1923 ἐκτάσεως
335 1883 402 1928 τῆς
423 1886 464 1917 λο
483 1883 674 1937 συλλαβῆς
702 1895 749 1917 τοι
765 1881 836 1938 γὰρ

25 1926 92 1964 δια
114 1929 184 1964 τοῦ
209 1929 269 1964 &co
293 1927 387 1972 νπὲρ
414 1927 485 1965 δύο
512 1925 694 1984 συλλαβὰς
718 1927 836 1984 βαρύ-

24 1988 119 2010 τονα
140 1977 288 2020 μακροῦ
319 1976 426 2019 (fort.
452 1974 644 2030 μακράν.)
665 1975 765 2010 θέλει
801 1973 837 2010 ἔ-

23 2034 101 2078 χειν
122 2021 190 2078 τήν
208 2020 587 2079 προπαραλήγουσαν,
615 2033 666 2061 ως
688 2020 731 2056 τὸ
752 2033 838 2065 μαι-

0 2066 126 2126 ‘udan
151 2065 282 2114 ἡβώω·
309 2069 350 2104 τό
377 2067 417 2103 δὲ
440 2066 555 2124 γελόω
578 2069 730 2123 βραχείᾳ
754 2070 837 2103 συλ-

3 2114 116 2170 Αλαβῇ
139 2113 497 2173 προπαραλήγεται,
513 2111 607 2151 ὅθεν
632 2111 696 2149 διὰ
723 2126 836 2156 προσ-

23 2164 148 2206 θηκης
173 2176 242 2198 του
276 2163 371 2198 ἰῶτα
402 2159 428 2220 ἦ
452 2161 519 2205 τῆς
551 2160 838 2217 παραληγούσης

25 2206 168 2249 ἔκτασις
198 2210 358 2254 γίνεται,
394 2207 533 2251 ὁμοίως
563 2209 617 2255 τῷ
647 2205 836 2267 ἠγνόησαν

25 2253 302 2313 ἠγνοίησαν
320 2253 378 2299 (ε’
402 2256 448 2291 78
473 2259 539 2290 etc.
545 2256 575 2299 ),
600 2269 633 2290 κ.
657 2255 708 2301 τῷ
734 2254 835 2289 ἄλοῶ

25 2301 153 2343 οἱλοιῶ,
178 2301 260 2338 οἷον
284 2299 459 2338 ὀστέον
483 2300 621 2346 ἄχρις
645 2291 836 2356 ἀπηλοί-

25 2359 109 2394 ησε
131 2349 189 2392 (ΙΙ.
213 2349 260 2391 δ’,
284 2351 384 2392 522),
407 2363 439 2384 κ.
463 2352 544 2388 τοῖς
567 2346 767 2387 τοιούτοις.
790 2367 834 2372 ——

25 2398 102 2430 Am.
133 2395 174 2429 B.
209 2397 361 2430 emend.·
401 2394 496 2439 αξμ.
530 2393 579 2429 δὲ
622 2391 680 2438 δὴ
711 2392 836 2439 κρέα.

26 2438 230 2486 ἡμαγμένα.
268 2443 433 2486 (cruenta
456 2453 497 2475 ac
520 2440 724 2483 semicruda,
749 2452 836 2486 qua-

26 2478 76 2521 lia
98 2495 223 2523 vorant
244 2489 409 2531 bestiae.)
448 2487 561 2523 τοῦτο
597 2486 637 2522 δε
671 2491 836 2531 σημεῖον,

29 2546 90 2570 οτι
111 2532 238 2579 ἤμελλε
262 2547 305 2569 το
332 2536 438 2578 σῶμα
461 2533 588 2569 ανταῖν
613 2534 743 2576 αιματι
770 2546 837 2577 μο-

0 2588 4 2599 ¹
27 2580 218 2616 λύνεσθαι.
275 2579 418 2638 δέδηε
458 2581 525 2625 (11.
558 2579 594 2616 ν’
605 2606 616 2624 ,
656 2583 700 2616 18
733 2580 838 2623 etc.)

27 2624 104 2662 οἷπὸ
134 2627 203 2664 τοῦ
227 2627 321 2662 δαίω
351 2628 393 2664 τὸ
418 2629 511 2662 καίω
533 2629 673 2685 γίνεται
704 2625 746 2662 τό
775 2625 835 2661 δέ·-

28 2675 117 2718 δηε,
142 2671 226 2710 αντὶ
246 2675 316 2709 τοῦ
340 2672 619 2716 φαίνεται.ου
643 2675 723 2715 τοῖς
745 2685 838 2717 μνη-

29 2721 157 2764 στῆρσι
181 2719 243 2762 δε,
267 2718 359 2755 ἀλλὰ
381 2722 431 2767 τῷ
458 2718 695 2778 Θεοκλυμένφ
719 2721 839 2755 ταῦτα

28 2764 217 2822 ἐφαίνετο,
241 2768 293 2812 τῷ
311 2764 458 2823 μάντει,
471 2767 532 2823 τῷ
553 2766 654 2809 παρὰ
677 2768 746 2801 τοῦ
762 2769 839 2823 Τη-

27 2812 188 2856 λεμοὶχου
221 2811 376 2858 αχθέντι
406 2810 481 2850 ἇπὸ
502 2814 569 2857 τῆς
600 2811 743 2849 Πύλου.
792 2811 838 2848 οὐ

29 2859 99 2916 γὰρ
117 2859 224 2904 ἡλίου
244 2861 403 2904 ἔκλειψις
421 2859 573 2904 ἐγένετο,
598 2857 692 2895 ἀλλὰ
711 2861 837 2895 Θεοκλ.

31 2919 151 2948 ουτως
187 2905 259 2952 ὁρᾷ
293 2906 370 2942 υπό
403 2919 505 2946 τινος
544 2905 838 2962 ἐνθουσιασμοῦ,

31 2954 324 3000 μαντευόμενος,
359 2950 421 2989 ὁτι
454 2952 613 2998 ἐκλείψει
653 2951 784 2995 αὐτοῖς
813 2949 834 2990 ὁ

879 1370 995 1418 ἥλιος.
1042 1370 1168 1417 αμέλει
1193 1372 1228 1408 οἳ
1251 1372 1477 1417 μνηστῆρες,
1502 1368 1552 1410 ὡς
1577 1367 1691 1404 ονδὲν

879 1421 1053 1454 τοιοῦτον
1075 1421 1329 1474 θεωροῦντες,
1365 1418 1429 1453 καὶ
1462 1417 1692 1462 ἐκβληθῆναι

876 1463 997 1501 αυτόν
1019 1464 1202 1508 ἀξιοῦσιν,
1227 1479 1277 1506 ως
1299 1465 1575 1514 παραπαίοντες.
1608 1474 1691 1508 per-

879 1524 1008 1566 peram
1030 1513 1138 1547 liber:
1170 1531 1214 1537 ——
1247 1510 1490 1556 μολύνεσθαι.
1529 1524 1574 1546 ου
1612 1512 1691 1549 τοῖς

880 1578 926 1584 —
947 1557 1091 1595 Πύλον.
1118 1558 1266 1615 δέδηε.
1282 1578 1323 1582 -
1344 1560 1528 1602 φαίνεται.
1555 1554 1692 1592 εἰδοί-

878 1607 968 1640 λων
994 1604 1043 1642 δὲ
1065 1609 1133 1641 πλ.
1155 1625 1200 1630 -
1225 1603 1428 1639 απιουσών.
1461 1603 1621 1649 ἠέλιος
1648 1622 1692 1627 -

880 1650 1012 1695 ἐξαπ.
1059 1650 1103 1687 οὐ
1137 1665 1204 1695 γαρ
1240 1650 1348 1694 ἡλίου
1385 1656 1451 1685 etc.
1494 1650 1693 1707 collegimus

881 1700 1016 1743 disjecti
1048 1700 1201 1732 membra
1229 1698 1469 1732 Grammulici.
1502 1715 1547 1722 —-
1583 1694 1692 1730 ὄσσε

879 1764 927 1771 -·
960 1744 1125 1787 θυμός.
1158 1746 1204 1778 cf.
1238 1743 1283 1786 κ’,
1316 1745 1394 1779 247.
1430 1748 1466 1777 et
1498 1744 1553 1778 48.
1589 1761 1633 1767 —
1667 1743 1693 1775 οἱ

881 1793 1048 1828 δειλοί.
1072 1790 1115 1832 κ’,
1140 1792 1219 1826 431.
1239 1810 1285 1816 —-
1314 1788 1547 1830 εἰλυαται,
1573 1789 1694 1823 εἴλυν-

879 1850 960 1880 ται,
998 1839 1226 1880 circumfusae
1264 1842 1357 1870 sunt.
1414 1843 1511 1870 recte
1544 1838 1615 1870 Am.
1650 1837 1691 1870 Β.

880 1884 966 1918 haec
998 1884 1048 1918 ita
1071 1883 1181 1918 videri
1218 1883 1268 1916 alt
1292 1883 1422 1916 Theocl
1426 1894 1547 1927 ymeno
1573 1882 1692 1915 vatici-

882 1930 988 1963 nanti.
1035 1930 1070 1964 E
1105 1930 1149 1964 ad
1181 1930 1282 1964 349*
1314 1928 1447 1972 ἐδήλου
1484 1927 1524 1963 δὲ
1558 1928 1691 1971 ταῦτα,

882 1976 1014 2020 inquit,
1050 1977 1101 2022 τῷ
1134 1979 1326 2019 μαντικοῖς
1359 1973 1497 2020 ὄμμασι
1521 1976 1693 2030 βλέποντι

879 2021 1005 2078 χύσεις
1029 2021 1217 2066 αἱματων,
1250 2036 1281 2057 κ.
1305 2020 1438 2066 γόους,
1473 2035 1505 2056 κ.
1531 2021 1691 2063 δάκρυα,

883 2081 935 2102 ων
958 2070 1200 2111 πειράσονται
1231 2069 1267 2103 οἱ
1292 2070 1422 2103 κακοί·
1459 2066 1486 2102 ὧ
1482 2066 1509 2108 ’ς
1532 2083 1607 2103 που
1632 2067 1694 2103 καὶ

881 2113 905 2160 ἠ
921 2115 1032 2172 παρὰ
1056 2114 1272 2158 Λυκόφροιι
1298 2114 1502 2160 Κασανδροι
1530 2116 1694 2158 οἰμωγήν

882 2159 988 2218 αὐτῇ
1026 2161 1118 2206 λέγει
1152 2161 1397 2197 ἰνδάλλεσθαι
1440 2163 1692 2208 μαντευομέιῃ

880 2207 928 2243 τοὶ
962 2206 1119 2252 ν’στερον
1142 2212 1216 2244 τῶν
1246 2211 1383 2251 Τρώων
1408 2209 1512 2243 κακά.
1547 2230 1587 2235 -—
1625 2210 1693 2243 δε·-

883 2252 1150 2299 δοῖκρυνται
1175 2254 1285 2291 δὲπ.
1311 2256 1350 2289 Il.
1373 2254 1416 2300 χ’,
1442 2258 1521 2291 491.
1547 2256 1591 2289 cf
1612 2257 1691 2290 204.

881 2301 981 2346 hujus
1006 2302 1093 2336 libri.
1110 2322 1154 2327 --
1174 2300 1450 2345 ἐῤῥάὸαται,
1474 2301 1651 2346 ἐρρασμει
1656 2315 1693 2336 οι

883 2349 965 2383 εἰσί.
993 2358 1027 2380 v,
1051 2348 1090 2381 11.
1114 2348 1163 2393 μ’,
1188 2350 1266 2384 431.
1293 2368 1339 2374 -
1371 2348 1622 2393 μεσόδμαι.
1649 2347 1692 2390 τ’,

882 2395 940 2429 37
964 2413 1006 2418 -
1033 2395 1103 2428 Am.
1130 2396 1190 2429 Β..
1219 2395 1435 2430 εἰδωλων
1460 2395 1509 2431 δὲ
1533 2395 1690 2430 πλέον.

882 2440 1078 2484 (τουτέστι
1109 2441 1300 2485 πλῆρες.
1336 2442 1399 2484 Ε.)
1434 2456 1483 2483 ως
1512 2443 1586 2476 τῶν
1618 2450 1693 2478 ψυ-

882 2488 956 2530 χῶν
998 2485 1124 2522 αὐτων
1163 2488 1222 2523 ἐπὶ
1252 2486 1318 2523 τὸν
1354 2477 1451 2533 α’δην
1487 2487 1691 2523 ἀπιουσῶπ

883 2530 1028 2576 ψυχὰς,
1065 2533 1199 2569 εἴδωλα
1232 2533 1424 2575 καμόντων
1451 2535 1537 2568 dixit
1561 2549 1613 2577 ω,
1638 2534 1691 2570 14.

884 2580 982 2614 etll.
1008 2577 1144 2623 ψ’,72-
1175 2582 1219 2616 cf.
1246 2581 1375 2626 Odyss.
1399 2580 1441 2625 λ’,
1467 2583 1547 2616 475
1577 2601 1611 2606 --
1648 2595 1692 2617 v

882 2624 942 2661 πό
968 2625 1171 2682 ζόφον.γ
1185 2628 1299 2671 ,,335
1325 2648 1369 2653 -
1402 2627 1690 2670 ἐξαπόλωλε.

883 2672 926 2706 11.
952 2671 996 2714 σ’,
1021 2675 1101 2708 290.
1129 2687 1317 2719 -κακη
1351 2671 1393 2710 δ’
1426 2673 1492 2710 ἐπ.
1526 2672 1691 2718 ἀχλύς.

884 2723 1006 2811 Σῗζὲἓε
1037 2715 1078 2762 ζ’,
1107 2718 1187 2756 45.·
1228 2688 1337 2766 λευκὴ
1373 2719 1419 2755 δ’
1450 2719 1692 2768 ἐπιδέδρομεν

929 2857 1124 2894 360—374.
1148 2856 1386 2914 ἀφραίνει,
1410 2859 1553 2898 insanit.
1575 2859 1616 2896 ΙΙ.
1643 2859 1691 2905 β,

883 2905 974 2946 258,
1008 2903 1055 2948 η’,
1080 2906 1158 2942 109.
1198 2905 1367 2948 „lexicon
1392 2906 1503 2941 Bekk.
1527 2918 1562 2951 p.
1587 2905 1687 2943 472:

884 2948 910 2986 οἷ
921 2964 948 2997 φ
960 2964 980 2997 ρ
991 2963 1015 2987 α
1024 2951 1038 2987 ί
1050 2964 1072 2987 ν
1081 2963 1098 2988 ε
1110 2964 1135 2987 ι.
1168 2955 1389 2998 παρανομεῖ,
1410 2955 1601 2999 μωραίνει,
1621 2966 1691 2990 πα-
