<?xml version="1.0" encoding="UTF-8"?>
<!DOCTYPE html PUBLIC "-//W3C//DTD XHTML 1.0 Transitional//EN"
    "http://www.w3.org/TR/xhtml1/DTD/xhtml1-transitional.dtd">
<html xmlns="http://www.w3.org/1999/xhtml" xml:lang="en" lang="en">
 <head>
  <title>
</title>
<meta http-equiv="Content-Type" content="text/html;charset=utf-8" />
  <meta name='ocr-system' content='tesseract 3.04.00' />
  <meta name='ocr-capabilities' content='ocr_page ocr_carea ocr_par ocr_line ocrx_word'/>
</head>
<body>
  <div class='ocr_page' id='page_1' title='image "./carmina05home/carmina05home_0324.png"; bbox 0 0 1821 3288; ppageno 0'>
   <div class='ocr_carea' id='block_1_1' title="bbox 120 113 531 158">
    <p class='ocr_par' dir='ltr' id='par_1_1' title="bbox 120 113 531 158">
     <span class='ocr_line' id='line_1_1' title="bbox 120 113 531 158; baseline -0.002 0"><span class='ocrx_word' id='word_1_1' title='bbox 120 116 209 158; x_wconf 77' lang='lat'><strong><em>816</em></strong></span> <span class='ocrx_word' id='word_1_2' title='bbox 489 113 531 157; x_wconf 73' lang='lat'><strong><em>4·</em></strong></span> 
     </span>
    </p>
   </div>
   <div class='ocr_carea' id='block_1_2' title="bbox 586 111 1404 159">
    <p class='ocr_par' dir='ltr' id='par_1_2' title="bbox 586 111 1404 159">
     <span class='ocr_line' id='line_1_2' title="bbox 586 111 1404 159; baseline 0.002 -3"><span class='ocrx_word' id='word_1_3' title='bbox 586 114 757 156; x_wconf 83' lang='grc' dir='ltr'><strong><em>ΕΙΣ</em></strong></span> <span class='ocrx_word' id='word_1_4' title='bbox 812 116 854 154; x_wconf 99' lang='lat' dir='ltr'><strong><em>A</em></strong></span> <span class='ocrx_word' id='word_1_5' title='bbox 883 111 1186 157; x_wconf 53' lang='lat' dir='ltr'><em>msto-AI</em></span> <span class='ocrx_word' id='word_1_6' title='bbox 1214 114 1404 159; x_wconf 85' lang='grc' dir='ltr'><strong><em>ΤΗΝ.</em></strong></span> 
     </span>
    </p>
   </div>
   <div class='ocr_carea' id='block_1_3' title="bbox 172 219 1627 1370">
    <p class='ocr_par' dir='ltr' id='par_1_3' title="bbox 290 219 1551 395">
     <span class='ocr_line' id='line_1_3' title="bbox 292 219 1539 295; baseline 0.003 -28"><span class='ocrx_word' id='word_1_7' title='bbox 292 225 333 268; x_wconf 81' lang='grc' dir='ltr'><strong><em>εἴ</em></strong></span> <span class='ocrx_word' id='word_1_8' title='bbox 357 240 426 267; x_wconf 85' lang='grc' dir='ltr'><strong><em>τοι</em></strong></span> <span class='ocrx_word' id='word_1_9' title='bbox 459 222 646 295; x_wconf 79' lang='grc' dir='ltr'><strong><em>οὲεικελίη</em></strong></span> <span class='ocrx_word' id='word_1_10' title='bbox 674 222 810 280; x_wconf 82' lang='grc' dir='ltr'><strong><em>γυνὴ</em></strong></span> <span class='ocrx_word' id='word_1_11' title='bbox 817 222 1011 277; x_wconf 74' lang='grc' dir='ltr'><strong><em>ἔσσομαι,</em></strong></span> <span class='ocrx_word' id='word_1_12' title='bbox 1039 219 1090 276; x_wconf 73' lang='grc' dir='ltr'><strong><em>ἠὲ</em></strong></span> <span class='ocrx_word' id='word_1_13' title='bbox 1112 223 1190 272; x_wconf 65' lang='grc' dir='ltr'><strong><em>καὶ</em></strong></span> <span class='ocrx_word' id='word_1_14' title='bbox 1220 224 1333 270; x_wconf 86' lang='grc' dir='ltr'><strong><em>ουκί.</em></strong></span> <span class='ocrx_word' id='word_1_15' title='bbox 1529 267 1539 271; x_wconf 72' lang='grc'><strong><em>-</em></strong></span> 
     </span>
     <span class='ocr_line' id='line_1_4' title="bbox 290 259 1551 350; baseline 0.003 -27"><span class='ocrx_word' id='word_1_16' title='bbox 290 280 458 336; x_wconf 83' lang='grc' dir='ltr'><strong><em>πέμψαι</em></strong></span> <span class='ocrx_word' id='word_1_17' title='bbox 488 279 530 324; x_wconf 88' lang='lat'><strong><em>6’</em></strong></span> <span class='ocrx_word' id='word_1_18' title='bbox 561 281 745 350; x_wconf 80' lang='grc' dir='ltr'><strong><em>ἄγγελον</em></strong></span> <span class='ocrx_word' id='word_1_19' title='bbox 774 281 867 321; x_wconf 79' lang='grc' dir='ltr'><strong><em>ὠκα</em></strong></span> <span class='ocrx_word' id='word_1_20' title='bbox 895 279 1001 333; x_wconf 86' lang='grc' dir='ltr'><strong><em>μετὰ</em></strong></span> <span class='ocrx_word' id='word_1_21' title='bbox 1012 259 1212 348; x_wconf 81' lang='grc' dir='ltr'><strong><em>Φρύγας</em></strong></span> <span class='ocrx_word' id='word_1_22' title='bbox 1239 280 1551 338; x_wconf 84' lang='grc' dir='ltr'><strong><em>αἰολοπωλους,</em></strong></span> 
     </span>
     <span class='ocr_line' id='line_1_5' title="bbox 292 334 1436 409; baseline 0.003 -30"><span class='ocrx_word' id='word_1_23' title='bbox 292 338 426 381; x_wconf 83' lang='grc' dir='ltr'><strong><em>εἰπεῖν</em></strong></span> <span class='ocrx_word' id='word_1_24' title='bbox 455 339 586 391; x_wconf 89' lang='grc' dir='ltr'><strong><em>πατρί</em></strong></span> <span class='ocrx_word' id='word_1_25' title='bbox 613 335 657 380; x_wconf 89' lang='grc' dir='ltr'><strong><em>τ’</em></strong></span> <span class='ocrx_word' id='word_1_26' title='bbox 685 336 787 391; x_wconf 79' lang='grc' dir='ltr'><strong><em>ἐμῷ,</em></strong></span> <span class='ocrx_word' id='word_1_27' title='bbox 816 334 891 378; x_wconf 77' lang='grc' dir='ltr'><strong><em>καὶ</em></strong></span> <span class='ocrx_word' id='word_1_28' title='bbox 920 334 1070 405; x_wconf 77' lang='grc' dir='ltr'><strong><em>μητέρι</em></strong></span> <span class='ocrx_word' id='word_1_29' title='bbox 1096 337 1323 409; x_wconf 82' lang='grc' dir='ltr'><em>κηδομένῃ</em></span> <span class='ocrx_word' id='word_1_30' title='bbox 1342 354 1436 393; x_wconf 87' lang='grc' dir='ltr'><strong><em>περ.</em></strong></span> 
     </span>
    </p>

    <p class='ocr_par' dir='ltr' id='par_1_4' title="bbox 181 391 1536 619">
     <span class='ocr_line' id='line_1_6' title="bbox 181 391 1511 465; baseline 0.002 -27"><span class='ocrx_word' id='word_1_31' title='bbox 181 395 261 439; x_wconf 84' lang='grc'><strong>140</strong></span> <span class='ocrx_word' id='word_1_32' title='bbox 291 395 336 437; x_wconf 81' lang='grc' dir='ltr'><strong><em>οἱ</em></strong></span> <span class='ocrx_word' id='word_1_33' title='bbox 365 393 410 436; x_wconf 86' lang='grc' dir='ltr'><strong><em>δέ</em></strong></span> <span class='ocrx_word' id='word_1_34' title='bbox 441 392 487 436; x_wconf 86' lang='grc' dir='ltr'><strong><em>κέ</em></strong></span> <span class='ocrx_word' id='word_1_35' title='bbox 515 410 584 436; x_wconf 90' lang='grc' dir='ltr'><strong><em>τοι</em></strong></span> <span class='ocrx_word' id='word_1_36' title='bbox 612 393 778 459; x_wconf 86' lang='grc' dir='ltr'><strong><em>χρυσόν</em></strong></span> <span class='ocrx_word' id='word_1_37' title='bbox 805 407 850 434; x_wconf 89' lang='grc' dir='ltr'><strong><em>τε</em></strong></span> <span class='ocrx_word' id='word_1_38' title='bbox 880 391 991 442; x_wconf 81' lang='grc' dir='ltr'><strong><em>ἅλις,</em></strong></span> <span class='ocrx_word' id='word_1_39' title='bbox 1023 391 1188 462; x_wconf 79' lang='grc' dir='ltr'><strong><em>ἐσθῆτά</em></strong></span> <span class='ocrx_word' id='word_1_40' title='bbox 1215 393 1266 435; x_wconf 86' lang='grc' dir='ltr'><strong><em>θ’</em></strong></span> <span class='ocrx_word' id='word_1_41' title='bbox 1295 393 1511 465; x_wconf 77' lang='grc' dir='ltr'><strong><em>ὑφαντὴν,</em></strong></span> 
     </span>
     <span class='ocr_line' id='line_1_7' title="bbox 287 446 1548 517; baseline 0.004 -24"><span class='ocrx_word' id='word_1_42' title='bbox 287 448 646 504; x_wconf 85' lang='grc' dir='ltr'><strong><em>πέμψουσιν·σύ</em></strong></span> <span class='ocrx_word' id='word_1_43' title='bbox 677 446 725 490; x_wconf 81' lang='grc' dir='ltr'><strong><em>δὲ</em></strong></span> <span class='ocrx_word' id='word_1_44' title='bbox 752 446 893 491; x_wconf 80' lang='grc' dir='ltr'><strong><em>πολλοὶ</em></strong></span> <span class='ocrx_word' id='word_1_45' title='bbox 922 448 1001 492; x_wconf 82' lang='grc' dir='ltr'><strong><em>καὶ</em></strong></span> <span class='ocrx_word' id='word_1_46' title='bbox 1025 447 1165 503; x_wconf 76' lang='grc' dir='ltr'><strong><em>ἀγλαοὶ</em></strong></span> <span class='ocrx_word' id='word_1_47' title='bbox 1189 448 1392 517; x_wconf 79' lang='grc' dir='ltr'><strong><em>δέχθαι’</em></strong></span> <span class='ocrx_word' id='word_1_48' title='bbox 1371 451 1548 498; x_wconf 81' lang='grc' dir='ltr'><strong><em>α’ποινα-</em></strong></span> 
     </span>
     <span class='ocr_line' id='line_1_8' title="bbox 289 503 1316 574; baseline -0.001 -24"><span class='ocrx_word' id='word_1_49' title='bbox 289 510 426 550; x_wconf 89' lang='grc' dir='ltr'><strong><em>ταῦτα</em></strong></span> <span class='ocrx_word' id='word_1_50' title='bbox 455 505 502 548; x_wconf 80' lang='grc' dir='ltr'><strong><em>δὲ</em></strong></span> <span class='ocrx_word' id='word_1_51' title='bbox 531 504 718 560; x_wconf 77' lang='grc' dir='ltr'><strong><em>ποιήσας</em></strong></span> <span class='ocrx_word' id='word_1_52' title='bbox 747 506 877 548; x_wconf 84' lang='grc' dir='ltr'><strong><em>δαίνυ</em></strong></span> <span class='ocrx_word' id='word_1_53' title='bbox 895 503 1047 574; x_wconf 50' lang='grc' dir='ltr'><strong><em>,γάμον</em></strong></span> <span class='ocrx_word' id='word_1_54' title='bbox 1075 505 1316 560; x_wconf 80' lang='grc' dir='ltr'><strong><em>ἱμερόεντα,</em></strong></span> 
     </span>
     <span class='ocr_line' id='line_1_9' title="bbox 283 559 1383 632; baseline 0 -25"><span class='ocrx_word' id='word_1_55' title='bbox 283 566 428 632; x_wconf 86' lang='grc' dir='ltr'><strong><em>τίμιον</em></strong></span> <span class='ocrx_word' id='word_1_56' title='bbox 457 560 750 614; x_wconf 77' lang='grc' dir='ltr'><strong><em>ανθρώποισι,</em></strong></span> <span class='ocrx_word' id='word_1_57' title='bbox 779 561 871 605; x_wconf 85' lang='grc' dir='ltr'><strong><em>καὶ</em></strong></span> <span class='ocrx_word' id='word_1_58' title='bbox 868 559 1146 606; x_wconf 80' lang='grc' dir='ltr'><strong><em>ἀθανατοισι</em></strong></span> <span class='ocrx_word' id='word_1_59' title='bbox 1171 567 1353 607; x_wconf 86' lang='grc' dir='ltr'><strong><em>θεοῖσιν.</em></strong></span> <span class='ocrx_word' id='word_1_60' title='bbox 1357 567 1383 589; x_wconf 93' lang='lat'><strong><em>“</em></strong></span> 
     </span>
    </p>

    <p class='ocr_par' dir='ltr' id='par_1_5' title="bbox 179 617 1627 958">
     <span class='ocr_line' id='line_1_10' title="bbox 353 617 1503 690; baseline 0.004 -29.058"><span class='ocrx_word' id='word_1_61' title='bbox 353 619 435 668; x_wconf 76' lang='grc' dir='ltr'><strong><em>Ως</em></strong></span> <span class='ocrx_word' id='word_1_62' title='bbox 464 620 648 661; x_wconf 83' lang='grc' dir='ltr'><strong><em>εἰποῦσα</em></strong></span> <span class='ocrx_word' id='word_1_63' title='bbox 676 617 761 661; x_wconf 83' lang='grc' dir='ltr'><strong><em>θεὰ</em></strong></span> <span class='ocrx_word' id='word_1_64' title='bbox 787 618 958 673; x_wconf 80' lang='grc' dir='ltr'><strong><em>γλυκύν</em></strong></span> <span class='ocrx_word' id='word_1_65' title='bbox 987 620 1139 673; x_wconf 81' lang='grc' dir='ltr'><strong><em>ἵμερον</em></strong></span> <span class='ocrx_word' id='word_1_66' title='bbox 1167 619 1324 674; x_wconf 74' lang='grc' dir='ltr'><strong><em>ἔμβαλε</em></strong></span> <span class='ocrx_word' id='word_1_67' title='bbox 1351 625 1503 690; x_wconf 72' lang='grc' dir='ltr'><strong><em>θυμῷ·</em></strong></span> 
     </span>
     <span class='ocr_line' id='line_1_11' title="bbox 179 671 1627 750; baseline 0.006 -34"><span class='ocrx_word' id='word_1_68' title='bbox 179 679 258 722; x_wconf 82' lang='lat'><strong><em>145</em></strong></span> <span class='ocrx_word' id='word_1_69' title='bbox 288 675 484 732; x_wconf 76' lang='grc' dir='ltr'><strong><em>Ἀγχίσην</em></strong></span> <span class='ocrx_word' id='word_1_70' title='bbox 513 674 556 744; x_wconf 72' lang='grc' dir='ltr'><strong><em>δ’</em></strong></span> <span class='ocrx_word' id='word_1_71' title='bbox 587 675 686 728; x_wconf 75' lang='grc' dir='ltr'><strong><em>ἔρος</em></strong></span> <span class='ocrx_word' id='word_1_72' title='bbox 715 671 836 726; x_wconf 84' lang='grc' dir='ltr'><strong><em>εἶλεν,</em></strong></span> <span class='ocrx_word' id='word_1_73' title='bbox 867 675 970 725; x_wconf 77' lang='grc' dir='ltr'><strong><em>ἔπος</em></strong></span> <span class='ocrx_word' id='word_1_74' title='bbox 996 674 1040 718; x_wconf 84' lang='grc' dir='ltr'><strong><em>τ’</em></strong></span> <span class='ocrx_word' id='word_1_75' title='bbox 1068 675 1210 730; x_wconf 77' lang='grc' dir='ltr'><strong><em>ἔφατ’,</em></strong></span> <span class='ocrx_word' id='word_1_76' title='bbox 1243 677 1290 720; x_wconf 76' lang='grc' dir='ltr'><strong><em>ἔκ</em></strong></span> <span class='ocrx_word' id='word_1_77' title='bbox 1317 675 1362 720; x_wconf 82' lang='grc' dir='ltr'><strong><em>τ’</em></strong></span> <span class='ocrx_word' id='word_1_78' title='bbox 1393 677 1627 750; x_wconf 84' lang='grc' dir='ltr'><strong><em>ὀνόμαζεν·</em></strong></span> 
     </span>
     <span class='ocr_line' id='line_1_12' title="bbox 365 731 1612 802; baseline 0.005 -29.178"><span class='ocrx_word' id='word_1_79' title='bbox 365 733 456 783; x_wconf 83' lang='grc' dir='ltr'><strong><em>,,Εἰ</em></strong></span> <span class='ocrx_word' id='word_1_80' title='bbox 484 731 563 802; x_wconf 79' lang='grc' dir='ltr'><strong><em>μὲν</em></strong></span> <span class='ocrx_word' id='word_1_81' title='bbox 572 731 730 802; x_wconf 84' lang='grc' dir='ltr'><strong><em>θνητή</em></strong></span> <span class='ocrx_word' id='word_1_82' title='bbox 756 731 802 786; x_wconf 88' lang='grc' dir='ltr'><strong><em>γ’</em></strong></span> <span class='ocrx_word' id='word_1_83' title='bbox 832 731 936 782; x_wconf 86' lang='grc' dir='ltr'><strong><em>έσσὶ,</em></strong></span> <span class='ocrx_word' id='word_1_84' title='bbox 962 732 1079 787; x_wconf 75' lang='grc' dir='ltr'><strong><em>’γυνὴ</em></strong></span> <span class='ocrx_word' id='word_1_85' title='bbox 1108 731 1154 775; x_wconf 88' lang='grc' dir='ltr'><strong><em>δέ</em></strong></span> <span class='ocrx_word' id='word_1_86' title='bbox 1184 744 1230 776; x_wconf 91' lang='grc' dir='ltr'><strong><em>σε</em></strong></span> <span class='ocrx_word' id='word_1_87' title='bbox 1258 735 1430 789; x_wconf 76' lang='grc' dir='ltr'><strong><em>γείνατο</em></strong></span> <span class='ocrx_word' id='word_1_88' title='bbox 1460 737 1612 795; x_wconf 77' lang='grc' dir='ltr'><strong><em>μήτηρ,</em></strong></span> 
     </span>
     <span class='ocr_line' id='line_1_13' title="bbox 280 786 1593 857; baseline 0.005 -27.093"><span class='ocrx_word' id='word_1_89' title='bbox 280 786 465 841; x_wconf 79' lang='grc' dir='ltr'><strong><em>Ὀτρεὺς</em></strong></span> <span class='ocrx_word' id='word_1_90' title='bbox 492 786 538 830; x_wconf 85' lang='grc' dir='ltr'><strong><em>δ’</em></strong></span> <span class='ocrx_word' id='word_1_91' title='bbox 566 787 656 831; x_wconf 80' lang='grc' dir='ltr'><strong><em>ἐστὶ</em></strong></span> <span class='ocrx_word' id='word_1_92' title='bbox 684 787 826 844; x_wconf 80' lang='grc' dir='ltr'><strong><em>πατὴρ</em></strong></span> <span class='ocrx_word' id='word_1_93' title='bbox 858 787 1168 843; x_wconf 81' lang='grc' dir='ltr'><strong><em>ὀνομακλυτός,</em></strong></span> <span class='ocrx_word' id='word_1_94' title='bbox 1201 788 1261 840; x_wconf 79' lang='grc' dir='ltr'><strong><em>ὠς</em></strong></span> <span class='ocrx_word' id='word_1_95' title='bbox 1286 790 1522 857; x_wconf 78' lang='grc' dir='ltr'><strong><em>ἀγορεύεις,</em></strong></span> <span class='ocrx_word' id='word_1_96' title='bbox 1591 825 1593 830; x_wconf 86' lang='grc'>-</span> 
     </span>
     <span class='ocr_line' id='line_1_14' title="bbox 288 843 1434 915; baseline 0.003 -28"><span class='ocrx_word' id='word_1_97' title='bbox 288 843 533 888; x_wconf 85' lang='grc' dir='ltr'><strong><em>αθανατοιο</em></strong></span> <span class='ocrx_word' id='word_1_98' title='bbox 563 846 610 888; x_wconf 88' lang='lat'><strong><em>6’</em></strong></span> <span class='ocrx_word' id='word_1_99' title='bbox 641 843 761 899; x_wconf 80' lang='grc' dir='ltr'><strong><em>ἕκητι</em></strong></span> <span class='ocrx_word' id='word_1_100' title='bbox 789 845 1027 915; x_wconf 79' lang='grc' dir='ltr'><strong><em>διακτόρου</em></strong></span> <span class='ocrx_word' id='word_1_101' title='bbox 1058 845 1220 889; x_wconf 75' lang='grc' dir='ltr'><strong><em>ἐνθάδ’</em></strong></span> <span class='ocrx_word' id='word_1_102' title='bbox 1251 848 1434 898; x_wconf 77' lang='grc' dir='ltr'><strong><em>ἱκάνεις,</em></strong></span> 
     </span>
     <span class='ocr_line' id='line_1_15' title="bbox 282 899 1443 974; baseline 0.003 -30.024"><span class='ocrx_word' id='word_1_103' title='bbox 282 901 459 974; x_wconf 82' lang='grc' dir='ltr'><strong><em>Ἑρμέω,</em></strong></span> <span class='ocrx_word' id='word_1_104' title='bbox 487 900 567 956; x_wconf 83' lang='grc' dir='ltr'><strong><em>έμη</em></strong></span> <span class='ocrx_word' id='word_1_105' title='bbox 602 900 645 945; x_wconf 87' lang='grc' dir='ltr'><strong><em>δ’</em></strong></span> <span class='ocrx_word' id='word_1_106' title='bbox 678 902 834 958; x_wconf 78' lang='grc' dir='ltr'><strong><em>ἄλοχος</em></strong></span> <span class='ocrx_word' id='word_1_107' title='bbox 862 899 1087 958; x_wconf 79' lang='grc' dir='ltr'><strong><em>κεκλήσεαι</em></strong></span> <span class='ocrx_word' id='word_1_108' title='bbox 1112 901 1255 957; x_wconf 81' lang='grc' dir='ltr'><strong><em>ἤματα</em></strong></span> <span class='ocrx_word' id='word_1_109' title='bbox 1286 920 1443 958; x_wconf 89' lang='grc' dir='ltr'><strong><em>παντα,</em></strong></span> 
     </span>
    </p>

    <p class='ocr_par' dir='ltr' id='par_1_6' title="bbox 178 957 1538 1241">
     <span class='ocr_line' id='line_1_16' title="bbox 178 957 1378 1028; baseline 0.002 -27"><span class='ocrx_word' id='word_1_110' title='bbox 178 960 258 1005; x_wconf 87' lang='grc'><strong>150</strong></span> <span class='ocrx_word' id='word_1_111' title='bbox 290 957 410 1008; x_wconf 82' lang='grc' dir='ltr'><strong><em>οὔτις</em></strong></span> <span class='ocrx_word' id='word_1_112' title='bbox 440 958 583 1002; x_wconf 77' lang='grc' dir='ltr'><strong><em>ἔπειτα</em></strong></span> <span class='ocrx_word' id='word_1_113' title='bbox 610 962 743 1012; x_wconf 71' lang='grc' dir='ltr'><strong><em>θεῶν,</em></strong></span> <span class='ocrx_word' id='word_1_114' title='bbox 775 959 877 1002; x_wconf 78' lang='grc' dir='ltr'><strong><em>οὔτε</em></strong></span> <span class='ocrx_word' id='word_1_115' title='bbox 905 963 1083 1028; x_wconf 71' lang='grc' dir='ltr'><strong><em>θνητῶν</em></strong></span> <span class='ocrx_word' id='word_1_116' title='bbox 1111 959 1378 1014; x_wconf 77' lang='grc' dir='ltr'><strong><em>ἀνθρώπων,</em></strong></span> 
     </span>
     <span class='ocr_line' id='line_1_17' title="bbox 284 1014 1389 1087; baseline 0.001 -28"><span class='ocrx_word' id='word_1_117' title='bbox 284 1014 445 1059; x_wconf 77' lang='grc' dir='ltr'><strong><em>ἐνθάδε</em></strong></span> <span class='ocrx_word' id='word_1_118' title='bbox 472 1030 525 1071; x_wconf 87' lang='grc' dir='ltr'><strong><em>με</em></strong></span> <span class='ocrx_word' id='word_1_119' title='bbox 554 1015 712 1086; x_wconf 83' lang='grc' dir='ltr'><strong><em>σχήσει,</em></strong></span> <span class='ocrx_word' id='word_1_120' title='bbox 741 1016 845 1070; x_wconf 88' lang='grc' dir='ltr'><strong><em>πρὶν</em></strong></span> <span class='ocrx_word' id='word_1_121' title='bbox 879 1017 950 1060; x_wconf 87' lang='grc' dir='ltr'><strong><em>σοὶ</em></strong></span> <span class='ocrx_word' id='word_1_122' title='bbox 979 1015 1178 1072; x_wconf 85' lang='grc' dir='ltr'><strong><em>φιλότητι</em></strong></span> <span class='ocrx_word' id='word_1_123' title='bbox 1197 1033 1389 1087; x_wconf 88' lang='grc' dir='ltr'><strong><em>μιγηναι</em></strong></span> 
     </span>
     <span class='ocr_line' id='line_1_18' title="bbox 286 1071 1538 1129; baseline 0.004 -14"><span class='ocrx_word' id='word_1_124' title='bbox 286 1071 440 1115; x_wconf 83' lang='grc' dir='ltr'><strong><em>αὐτίκα</em></strong></span> <span class='ocrx_word' id='word_1_125' title='bbox 471 1075 577 1114; x_wconf 81' lang='grc' dir='ltr'><strong><em>νῦν·</em></strong></span> <span class='ocrx_word' id='word_1_126' title='bbox 583 1071 711 1119; x_wconf 79' lang='grc' dir='ltr'><strong><em>οὐδ’</em></strong></span> <span class='ocrx_word' id='word_1_127' title='bbox 742 1074 782 1115; x_wconf 80' lang='grc' dir='ltr'><strong><em>εἴ</em></strong></span> <span class='ocrx_word' id='word_1_128' title='bbox 808 1088 884 1115; x_wconf 87' lang='grc' dir='ltr'><strong><em>κεν</em></strong></span> <span class='ocrx_word' id='word_1_129' title='bbox 913 1072 1122 1129; x_wconf 79' lang='grc' dir='ltr'><strong><em>ἑκηβόλος</em></strong></span> <span class='ocrx_word' id='word_1_130' title='bbox 1151 1072 1283 1123; x_wconf 83' lang='grc' dir='ltr'><strong><em>αὐτὸς</em></strong></span> <span class='ocrx_word' id='word_1_131' title='bbox 1308 1072 1538 1120; x_wconf 82' lang='grc' dir='ltr'><strong><em>Ἀπόλλων</em></strong></span> 
     </span>
     <span class='ocr_line' id='line_1_19' title="bbox 283 1126 1385 1185; baseline 0.002 -13"><span class='ocrx_word' id='word_1_132' title='bbox 283 1127 415 1180; x_wconf 82' lang='grc' dir='ltr'><strong><em>τόξου</em></strong></span> <span class='ocrx_word' id='word_1_133' title='bbox 445 1126 522 1171; x_wconf 73' lang='grc' dir='ltr'><strong><em>ἀπ’</em></strong></span> <span class='ocrx_word' id='word_1_134' title='bbox 554 1127 776 1184; x_wconf 77' lang='grc' dir='ltr'><strong><em>ἀργυρέου</em></strong></span> <span class='ocrx_word' id='word_1_135' title='bbox 806 1132 955 1183; x_wconf 86' lang='grc' dir='ltr'><strong><em>προΐοι</em></strong></span> <span class='ocrx_word' id='word_1_136' title='bbox 984 1130 1111 1185; x_wconf 80' lang='grc' dir='ltr'><strong><em>βέλεα</em></strong></span> <span class='ocrx_word' id='word_1_137' title='bbox 1139 1130 1385 1174; x_wconf 88' lang='grc' dir='ltr'><strong><em>στονόεντα.</em></strong></span> 
     </span>
     <span class='ocr_line' id='line_1_20' title="bbox 283 1185 1310 1259; baseline 0.001 -31"><span class='ocrx_word' id='word_1_138' title='bbox 283 1186 526 1254; x_wconf 79' lang='grc' dir='ltr'><strong><em>βουλοίμην</em></strong></span> <span class='ocrx_word' id='word_1_139' title='bbox 554 1201 629 1227; x_wconf 84' lang='grc' dir='ltr'><strong><em>κεν</em></strong></span> <span class='ocrx_word' id='word_1_140' title='bbox 653 1185 807 1235; x_wconf 79' lang='grc' dir='ltr'><strong><em>ἔπειτα,</em></strong></span> <span class='ocrx_word' id='word_1_141' title='bbox 838 1185 970 1240; x_wconf 87' lang='grc' dir='ltr'><strong><em>γύναι</em></strong></span> <span class='ocrx_word' id='word_1_142' title='bbox 999 1188 1141 1229; x_wconf 82' lang='grc' dir='ltr'><strong><em>εἰκυῖα</em></strong></span> <span class='ocrx_word' id='word_1_143' title='bbox 1170 1191 1310 1259; x_wconf 76' lang='grc' dir='ltr'><strong><em>θέῃσι,</em></strong></span> 
     </span>
    </p>

    <p class='ocr_par' dir='ltr' id='par_1_7' title="bbox 172 1240 1380 1310">
     <span class='ocr_line' id='line_1_21' title="bbox 172 1240 1380 1310; baseline 0 -25"><span class='ocrx_word' id='word_1_144' title='bbox 172 1246 252 1288; x_wconf 89' lang='grc'><strong><em>155</em></strong></span> <span class='ocrx_word' id='word_1_145' title='bbox 283 1245 368 1310; x_wconf 85' lang='grc' dir='ltr'><strong><em>σῆς</em></strong></span> <span class='ocrx_word' id='word_1_146' title='bbox 391 1240 522 1296; x_wconf 81' lang='grc' dir='ltr'><strong><em>εὐνῆς</em></strong></span> <span class='ocrx_word' id='word_1_147' title='bbox 552 1241 702 1296; x_wconf 74' lang='grc' dir='ltr'><strong><em>ἐπιβάς</em></strong></span> <span class='ocrx_word' id='word_1_148' title='bbox 732 1244 863 1285; x_wconf 78' lang='grc' dir='ltr'><strong><em>δῦναι</em></strong></span> <span class='ocrx_word' id='word_1_149' title='bbox 892 1241 1061 1296; x_wconf 86' lang='grc' dir='ltr'><strong><em>δόμον’</em></strong></span> <span class='ocrx_word' id='word_1_150' title='bbox 1061 1241 1206 1292; x_wconf 85' lang='grc' dir='ltr'><strong><em>Ἀϊδος</em></strong></span> <span class='ocrx_word' id='word_1_151' title='bbox 1236 1245 1380 1285; x_wconf 84' lang='grc' dir='ltr'><strong><em>εἴσω.“</em></strong></span> 
     </span>
    </p>

    <p class='ocr_par' dir='ltr' id='par_1_8' title="bbox 348 1297 1565 1370">
     <span class='ocr_line' id='line_1_22' title="bbox 348 1297 1565 1370; baseline 0.003 -31.053"><span class='ocrx_word' id='word_1_152' title='bbox 348 1297 431 1348; x_wconf 80' lang='grc' dir='ltr'><strong><em>Ὼς</em></strong></span> <span class='ocrx_word' id='word_1_153' title='bbox 461 1297 592 1341; x_wconf 76' lang='grc' dir='ltr'><strong><em>εἰπὼν</em></strong></span> <span class='ocrx_word' id='word_1_154' title='bbox 621 1300 726 1353; x_wconf 82' lang='grc' dir='ltr'><strong><em>λάβε</em></strong></span> <span class='ocrx_word' id='word_1_155' title='bbox 756 1303 898 1354; x_wconf 85' lang='grc' dir='ltr'><strong><em>χεῖρα·</em></strong></span> <span class='ocrx_word' id='word_1_156' title='bbox 914 1298 1219 1370; x_wconf 75' lang='grc' dir='ltr'><strong><em>φιλομμειδής</em></strong></span> <span class='ocrx_word' id='word_1_157' title='bbox 1249 1297 1295 1342; x_wconf 83' lang='grc' dir='ltr'><strong><em>δ’</em></strong></span> <span class='ocrx_word' id='word_1_158' title='bbox 1318 1298 1565 1358; x_wconf 83' lang='grc' dir='ltr'><strong><em>Ἀφροδίτη</em></strong></span> 
     </span>
    </p>
   </div>
   <div class='ocr_carea' id='block_1_4' title="bbox 282 1354 925 1410">
    <p class='ocr_par' dir='ltr' id='par_1_9' title="bbox 282 1354 925 1410">
     <span class='ocr_line' id='line_1_23' title="bbox 282 1354 925 1410; baseline 0.005 -14"><span class='ocrx_word' id='word_1_159' title='bbox 282 1354 383 1407; x_wconf 76' lang='grc' dir='ltr'><strong><em>ἕρπε</em></strong></span> <span class='ocrx_word' id='word_1_160' title='bbox 412 1359 798 1410; x_wconf 79' lang='grc' dir='ltr'><strong><em>μεταστρεφθεῖσα,</em></strong></span> <span class='ocrx_word' id='word_1_161' title='bbox 826 1354 925 1399; x_wconf 81' lang='grc' dir='ltr'><strong><em>κατ’</em></strong></span> 
     </span>
    </p>
   </div>
   <div class='ocr_carea' id='block_1_5' title="bbox 957 1354 1510 1411">
    <p class='ocr_par' dir='ltr' id='par_1_10' title="bbox 957 1354 1510 1411">
     <span class='ocr_line' id='line_1_24' title="bbox 957 1354 1510 1411; baseline 0 -12"><span class='ocrx_word' id='word_1_162' title='bbox 957 1354 1130 1411; x_wconf 80' lang='grc' dir='ltr'><strong><em>ὄμματα</em></strong></span> <span class='ocrx_word' id='word_1_163' title='bbox 1158 1357 1270 1400; x_wconf 83' lang='grc' dir='ltr'><strong><em>καλὰ</em></strong></span> <span class='ocrx_word' id='word_1_164' title='bbox 1299 1358 1510 1410; x_wconf 81' lang='grc' dir='ltr'><strong><em>βαλοῦσα,</em></strong></span> 
     </span>
    </p>
   </div>
   <div class='ocr_carea' id='block_1_6' title="bbox 165 1409 1706 2434">
    <p class='ocr_par' dir='ltr' id='par_1_11' title="bbox 165 1409 1683 2434">
     <span class='ocr_line' id='line_1_25' title="bbox 281 1409 1492 1467; baseline 0.002 -13"><span class='ocrx_word' id='word_1_165' title='bbox 281 1410 324 1461; x_wconf 80' lang='grc' dir='ltr'><strong><em>ἐς</em></strong></span> <span class='ocrx_word' id='word_1_166' title='bbox 355 1409 478 1466; x_wconf 84' lang='grc' dir='ltr'><strong><em>λέχος</em></strong></span> <span class='ocrx_word' id='word_1_167' title='bbox 507 1411 768 1466; x_wconf 83' lang='grc' dir='ltr'><strong><em>εὔστρωτον,</em></strong></span> <span class='ocrx_word' id='word_1_168' title='bbox 799 1411 875 1455; x_wconf 80' lang='grc' dir='ltr'><strong><em>ὅθι</em></strong></span> <span class='ocrx_word' id='word_1_169' title='bbox 903 1428 985 1465; x_wconf 89' lang='grc' dir='ltr'><strong><em>περ</em></strong></span> <span class='ocrx_word' id='word_1_170' title='bbox 1014 1414 1156 1467; x_wconf 78' lang='grc' dir='ltr'><strong><em>πάρος</em></strong></span> <span class='ocrx_word' id='word_1_171' title='bbox 1186 1413 1308 1455; x_wconf 81' lang='grc' dir='ltr'><strong><em>ε’σκεν</em></strong></span> <span class='ocrx_word' id='word_1_172' title='bbox 1336 1411 1492 1457; x_wconf 78' lang='grc' dir='ltr'><strong><em>ἄνακτι</em></strong></span> 
     </span>
     <span class='ocr_line' id='line_1_26' title="bbox 280 1467 1451 1536; baseline 0.002 -26"><span class='ocrx_word' id='word_1_173' title='bbox 280 1472 507 1536; x_wconf 82' lang='grc' dir='ltr'><strong><em>χλαίνῃσιν</em></strong></span> <span class='ocrx_word' id='word_1_174' title='bbox 537 1472 733 1524; x_wconf 85' lang='grc' dir='ltr'><strong><em>μαλακης</em></strong></span> <span class='ocrx_word' id='word_1_175' title='bbox 761 1467 1054 1522; x_wconf 81' lang='grc' dir='ltr'><strong><em>ἐστρωμένον·</em></strong></span> <span class='ocrx_word' id='word_1_176' title='bbox 1086 1468 1225 1522; x_wconf 82' lang='grc' dir='ltr'><strong><em>αὐτὰρ</em></strong></span> <span class='ocrx_word' id='word_1_177' title='bbox 1255 1469 1451 1522; x_wconf 76' lang='grc' dir='ltr'><strong><em>ὕπερθεν</em></strong></span> 
     </span>
     <span class='ocr_line' id='line_1_27' title="bbox 171 1523 1515 1596; baseline -0.001 -26"><span class='ocrx_word' id='word_1_178' title='bbox 171 1529 253 1570; x_wconf 86' lang='grc'><strong>160</strong></span> <span class='ocrx_word' id='word_1_179' title='bbox 286 1523 458 1578; x_wconf 88' lang='grc' dir='ltr'><strong><em>α’ρκτων</em></strong></span> <span class='ocrx_word' id='word_1_180' title='bbox 488 1525 671 1580; x_wconf 85' lang='grc' dir='ltr'><strong><em>δέρματ’</em></strong></span> <span class='ocrx_word' id='word_1_181' title='bbox 699 1525 848 1576; x_wconf 78' lang='grc' dir='ltr'><strong><em>ἔκειτο,</em></strong></span> <span class='ocrx_word' id='word_1_182' title='bbox 881 1525 1213 1596; x_wconf 79' lang='grc' dir='ltr'><strong><em>βαρυφθόγγων</em></strong></span> <span class='ocrx_word' id='word_1_183' title='bbox 1242 1541 1286 1568; x_wconf 86' lang='grc' dir='ltr'><strong><em>τε</em></strong></span> <span class='ocrx_word' id='word_1_184' title='bbox 1314 1525 1515 1587; x_wconf 73' lang='grc' dir='ltr'><strong><em>λεόντων,</em></strong></span> 
     </span>
     <span class='ocr_line' id='line_1_28' title="bbox 280 1579 1412 1639; baseline 0.002 -16"><span class='ocrx_word' id='word_1_185' title='bbox 280 1581 386 1631; x_wconf 82' lang='grc' dir='ltr'><strong><em>τούς</em></strong></span> <span class='ocrx_word' id='word_1_186' title='bbox 419 1579 554 1631; x_wconf 80' lang='grc' dir='ltr'><strong><em>αὐτὸς</em></strong></span> <span class='ocrx_word' id='word_1_187' title='bbox 583 1581 852 1639; x_wconf 81' lang='grc' dir='ltr'><strong><em>κατέπεφνεν</em></strong></span> <span class='ocrx_word' id='word_1_188' title='bbox 881 1582 927 1624; x_wconf 82' lang='grc' dir='ltr'><strong><em>ἐν</em></strong></span> <span class='ocrx_word' id='word_1_189' title='bbox 958 1581 1137 1636; x_wconf 77' lang='grc' dir='ltr'><strong><em>οὔρεσιν</em></strong></span> <span class='ocrx_word' id='word_1_190' title='bbox 1165 1581 1412 1638; x_wconf 79' lang='grc' dir='ltr'><strong><em>ὑψηλοῖσιν.</em></strong></span> 
     </span>
     <span class='ocr_line' id='line_1_29' title="bbox 282 1636 1352 1708; baseline 0.001 -28"><span class='ocrx_word' id='word_1_191' title='bbox 282 1640 327 1681; x_wconf 82' lang='grc' dir='ltr'><strong><em>οἱ</em></strong></span> <span class='ocrx_word' id='word_1_192' title='bbox 356 1636 400 1680; x_wconf 86' lang='grc' dir='ltr'><strong><em>δ’</em></strong></span> <span class='ocrx_word' id='word_1_193' title='bbox 431 1637 520 1681; x_wconf 80' lang='grc' dir='ltr'><strong><em>ἐπεὶ</em></strong></span> <span class='ocrx_word' id='word_1_194' title='bbox 549 1639 633 1680; x_wconf 80' lang='grc' dir='ltr'><strong><em>οὐν</em></strong></span> <span class='ocrx_word' id='word_1_195' title='bbox 661 1638 819 1692; x_wconf 88' lang='grc' dir='ltr'><strong><em>λεχέων</em></strong></span> <span class='ocrx_word' id='word_1_196' title='bbox 848 1636 1097 1708; x_wconf 79' lang='grc' dir='ltr'><strong><em>εὐποιήτων</em></strong></span> <span class='ocrx_word' id='word_1_197' title='bbox 1124 1637 1352 1697; x_wconf 80' lang='grc' dir='ltr'><strong><em>ἐπέβησαν,</em></strong></span> 
     </span>
     <span class='ocr_line' id='line_1_30' title="bbox 278 1693 1453 1750; baseline -0.001 -11"><span class='ocrx_word' id='word_1_198' title='bbox 278 1693 448 1748; x_wconf 82' lang='grc' dir='ltr'><strong><em>κόσμον</em></strong></span> <span class='ocrx_word' id='word_1_199' title='bbox 478 1693 559 1749; x_wconf 89' lang='grc' dir='ltr'><strong><em>μέν</em></strong></span> <span class='ocrx_word' id='word_1_200' title='bbox 588 1695 632 1737; x_wconf 81' lang='grc' dir='ltr'><strong><em>οἱ</em></strong></span> <span class='ocrx_word' id='word_1_201' title='bbox 656 1698 833 1748; x_wconf 80' lang='grc' dir='ltr'><strong><em>πρῶτον</em></strong></span> <span class='ocrx_word' id='word_1_202' title='bbox 863 1693 948 1737; x_wconf 82' lang='grc' dir='ltr'><strong><em>ἀπὸ</em></strong></span> <span class='ocrx_word' id='word_1_203' title='bbox 982 1695 1112 1750; x_wconf 80' lang='grc' dir='ltr'><strong><em>χροός</em></strong></span> <span class='ocrx_word' id='word_1_204' title='bbox 1140 1697 1222 1738; x_wconf 81' lang='grc' dir='ltr'><strong><em>εἱλε</em></strong></span> <span class='ocrx_word' id='word_1_205' title='bbox 1252 1694 1453 1750; x_wconf 80' lang='grc' dir='ltr'><strong><em>φαεινόν,</em></strong></span> 
     </span>
     <span class='ocr_line' id='line_1_31' title="bbox 281 1749 1706 1810; baseline 0.001 -15"><span class='ocrx_word' id='word_1_206' title='bbox 281 1749 454 1805; x_wconf 86' lang='grc' dir='ltr'><strong><em>πόρπας</em></strong></span> <span class='ocrx_word' id='word_1_207' title='bbox 483 1766 541 1802; x_wconf 85' lang='grc' dir='ltr'><strong><em>τε,</em></strong></span> <span class='ocrx_word' id='word_1_208' title='bbox 572 1751 798 1806; x_wconf 77' lang='grc' dir='ltr'><strong><em>γναμπτάς</em></strong></span> <span class='ocrx_word' id='word_1_209' title='bbox 827 1750 879 1794; x_wconf 71' lang='grc' dir='ltr'><strong><em>θ’</em></strong></span> <span class='ocrx_word' id='word_1_210' title='bbox 910 1750 1068 1803; x_wconf 79' lang='grc' dir='ltr'><strong><em>ἕλικας,</em></strong></span> <span class='ocrx_word' id='word_1_211' title='bbox 1097 1751 1291 1803; x_wconf 82' lang='grc' dir='ltr'><strong><em>κάλυκάς</em></strong></span> <span class='ocrx_word' id='word_1_212' title='bbox 1319 1766 1379 1804; x_wconf 88' lang='grc' dir='ltr'><strong><em>τε,</em></strong></span> <span class='ocrx_word' id='word_1_213' title='bbox 1409 1751 1483 1796; x_wconf 78' lang='grc' dir='ltr'><strong><em>καὶ</em></strong></span> <span class='ocrx_word' id='word_1_214' title='bbox 1515 1749 1706 1810; x_wconf 82' lang='grc' dir='ltr'><strong><em>ὅρμους·</em></strong></span> 
     </span>
     <span class='ocr_line' id='line_1_32' title="bbox 169 1806 1283 1864; baseline -0.003 -10"><span class='ocrx_word' id='word_1_215' title='bbox 169 1811 250 1857; x_wconf 85' lang='grc'><strong>165</strong></span> <span class='ocrx_word' id='word_1_216' title='bbox 280 1811 385 1851; x_wconf 86' lang='grc' dir='ltr'><strong><em>λῦσε</em></strong></span> <span class='ocrx_word' id='word_1_217' title='bbox 416 1807 462 1851; x_wconf 86' lang='grc' dir='ltr'><strong><em>δέ</em></strong></span> <span class='ocrx_word' id='word_1_218' title='bbox 493 1809 538 1852; x_wconf 83' lang='grc' dir='ltr'><strong><em>οἱ</em></strong></span> <span class='ocrx_word' id='word_1_219' title='bbox 565 1807 720 1863; x_wconf 76' lang='grc' dir='ltr'><strong><em>ζώνην,</em></strong></span> <span class='ocrx_word' id='word_1_220' title='bbox 751 1808 815 1851; x_wconf 78' lang='grc' dir='ltr'><strong><em>ἰδὲ</em></strong></span> <span class='ocrx_word' id='word_1_221' title='bbox 844 1809 998 1863; x_wconf 77' lang='grc' dir='ltr'><strong><em>εἵματα</em></strong></span> <span class='ocrx_word' id='word_1_222' title='bbox 1027 1806 1283 1864; x_wconf 86' lang='grc' dir='ltr'><strong><em>σιγαλόεντα</em></strong></span> 
     </span>
     <span class='ocr_line' id='line_1_33' title="bbox 277 1864 1396 1937; baseline 0.001 -30.003"><span class='ocrx_word' id='word_1_223' title='bbox 277 1865 417 1937; x_wconf 54' lang='grc' dir='ltr'><strong><em>ἔκδυε,</em></strong></span> <span class='ocrx_word' id='word_1_224' title='bbox 445 1865 519 1908; x_wconf 82' lang='grc' dir='ltr'><strong><em>καὶ</em></strong></span> <span class='ocrx_word' id='word_1_225' title='bbox 545 1865 785 1920; x_wconf 81' lang='grc' dir='ltr'><strong><em>κατέθηκεν</em></strong></span> <span class='ocrx_word' id='word_1_226' title='bbox 813 1864 882 1907; x_wconf 81' lang='grc' dir='ltr'><strong><em>ἐπὶ</em></strong></span> <span class='ocrx_word' id='word_1_227' title='bbox 907 1865 1084 1919; x_wconf 80' lang='grc' dir='ltr'><strong><em>θρόνου</em></strong></span> <span class='ocrx_word' id='word_1_228' title='bbox 1113 1865 1396 1922; x_wconf 87' lang='grc' dir='ltr'><strong><em>αργυροήλου</em></strong></span> 
     </span>
     <span class='ocr_line' id='line_1_34' title="bbox 277 1920 1377 1992; baseline 0.002 -28.028"><span class='ocrx_word' id='word_1_229' title='bbox 277 1920 500 1991; x_wconf 82' lang='grc' dir='ltr'><strong><em>Ἀγχίσης·</em></strong></span> <span class='ocrx_word' id='word_1_230' title='bbox 531 1921 554 1964; x_wconf 91' lang='grc' dir='ltr'>ὁ</span> <span class='ocrx_word' id='word_1_231' title='bbox 585 1921 628 1965; x_wconf 88' lang='lat'><strong><em>6&#39;</em></strong></span> <span class='ocrx_word' id='word_1_232' title='bbox 657 1922 814 1972; x_wconf 76' lang='grc' dir='ltr'><strong><em>ἔπειτα,</em></strong></span> <span class='ocrx_word' id='word_1_233' title='bbox 842 1926 962 1965; x_wconf 75' lang='grc' dir='ltr'><strong><em>θεῶν</em></strong></span> <span class='ocrx_word' id='word_1_234' title='bbox 995 1921 1133 1992; x_wconf 87' lang='grc' dir='ltr'><strong><em>ἰότητι</em></strong></span> <span class='ocrx_word' id='word_1_235' title='bbox 1160 1923 1234 1967; x_wconf 84' lang='grc' dir='ltr'><strong><em>καὶ</em></strong></span> <span class='ocrx_word' id='word_1_236' title='bbox 1263 1925 1377 1978; x_wconf 82' lang='grc' dir='ltr'><strong><em>α’ίσῃ,</em></strong></span> 
     </span>
     <span class='ocr_line' id='line_1_35' title="bbox 279 1977 1475 2052; baseline -0.001 -29"><span class='ocrx_word' id='word_1_237' title='bbox 279 1977 481 2051; x_wconf 76' lang='grc' dir='ltr'><strong><em>ἀθανάτη</em></strong></span> <span class='ocrx_word' id='word_1_238' title='bbox 511 1979 745 2052; x_wconf 87' lang='grc' dir='ltr'><strong><em>παρέλεκτο</em></strong></span> <span class='ocrx_word' id='word_1_239' title='bbox 773 1983 859 2037; x_wconf 79' lang='grc' dir='ltr'><strong><em>θεᾷ</em></strong></span> <span class='ocrx_word' id='word_1_240' title='bbox 888 1978 1057 2033; x_wconf 82' lang='grc' dir='ltr'><strong><em>βροτός,</em></strong></span> <span class='ocrx_word' id='word_1_241' title='bbox 1093 1979 1147 2022; x_wconf 79' lang='grc' dir='ltr'><strong><em>οὐ</em></strong></span> <span class='ocrx_word' id='word_1_242' title='bbox 1183 1979 1306 2034; x_wconf 77' lang='grc' dir='ltr'><strong><em>σάφα</em></strong></span> <span class='ocrx_word' id='word_1_243' title='bbox 1336 1978 1475 2030; x_wconf 76' lang='grc' dir='ltr'><strong><em>εἰδώς.</em></strong></span> 
     </span>
     <span class='ocr_line' id='line_1_36' title="bbox 353 2026 1408 2092; baseline 0.001 -15.012"><span class='ocrx_word' id='word_1_244' title='bbox 353 2030 489 2090; x_wconf 85' lang='grc' dir='ltr'><strong><em>Ἦμος</em></strong></span> <span class='ocrx_word' id='word_1_245' title='bbox 519 2035 562 2080; x_wconf 85' lang='grc' dir='ltr'><strong><em>δ’</em></strong></span> <span class='ocrx_word' id='word_1_246' title='bbox 593 2037 655 2088; x_wconf 74' lang='grc' dir='ltr'><strong><em>ἂψ</em></strong></span> <span class='ocrx_word' id='word_1_247' title='bbox 685 2037 746 2087; x_wconf 83' lang='grc' dir='ltr'><strong><em>εἰς</em></strong></span> <span class='ocrx_word' id='word_1_248' title='bbox 776 2026 903 2079; x_wconf 77' lang='grc' dir='ltr'><strong><em>αὖλιν</em></strong></span> <span class='ocrx_word' id='word_1_249' title='bbox 932 2034 1222 2080; x_wconf 88' lang='grc' dir='ltr'><strong><em>αποκλίνουσι</em></strong></span> <span class='ocrx_word' id='word_1_250' title='bbox 1249 2039 1408 2092; x_wconf 84' lang='grc' dir='ltr'><strong><em>νομῆες</em></strong></span> 
     </span>
     <span class='ocr_line' id='line_1_37' title="bbox 168 2092 1499 2165; baseline -0.002 -29"><span class='ocrx_word' id='word_1_251' title='bbox 168 2095 249 2140; x_wconf 88' lang='grc'><strong><em>170</em></strong></span> <span class='ocrx_word' id='word_1_252' title='bbox 285 2093 392 2147; x_wconf 86' lang='grc' dir='ltr'><strong><em>βοῦς</em></strong></span> <span class='ocrx_word' id='word_1_253' title='bbox 420 2105 465 2135; x_wconf 86' lang='grc' dir='ltr'><strong><em>τε</em></strong></span> <span class='ocrx_word' id='word_1_254' title='bbox 495 2123 507 2143; x_wconf 86' lang='grc'><strong><em>,</em></strong></span> <span class='ocrx_word' id='word_1_255' title='bbox 536 2094 610 2135; x_wconf 83' lang='grc' dir='ltr'><strong><em>καὶ</em></strong></span> <span class='ocrx_word' id='word_1_256' title='bbox 638 2095 740 2147; x_wconf 87' lang='grc' dir='ltr'><strong><em>ι’φια</em></strong></span> <span class='ocrx_word' id='word_1_257' title='bbox 770 2096 898 2148; x_wconf 86' lang='grc' dir='ltr'><strong><em>μῆλα,</em></strong></span> <span class='ocrx_word' id='word_1_258' title='bbox 927 2096 1079 2147; x_wconf 75' lang='grc' dir='ltr'><strong><em>νομῶν</em></strong></span> <span class='ocrx_word' id='word_1_259' title='bbox 1108 2092 1150 2146; x_wconf 79' lang='grc' dir='ltr'><strong><em>ἐξ</em></strong></span> <span class='ocrx_word' id='word_1_260' title='bbox 1161 2093 1499 2165; x_wconf 78' lang='grc' dir='ltr'><strong><em>ἀνθεμοέντων,</em></strong></span> 
     </span>
     <span class='ocr_line' id='line_1_38' title="bbox 279 2147 1441 2221; baseline 0 -29"><span class='ocrx_word' id='word_1_261' title='bbox 279 2152 414 2203; x_wconf 87' lang='grc' dir='ltr'><strong><em>τῆμος</em></strong></span> <span class='ocrx_word' id='word_1_262' title='bbox 442 2147 514 2203; x_wconf 86' lang='grc' dir='ltr'><strong><em>α’ρ’</em></strong></span> <span class='ocrx_word' id='word_1_263' title='bbox 541 2147 716 2221; x_wconf 73' lang='grc' dir='ltr'><strong><em>Ἀγχίσῃ</em></strong></span> <span class='ocrx_word' id='word_1_264' title='bbox 745 2149 825 2204; x_wconf 78' lang='grc' dir='ltr'><strong><em>μὲν</em></strong></span> <span class='ocrx_word' id='word_1_265' title='bbox 855 2149 926 2193; x_wconf 80' lang='grc' dir='ltr'><strong><em>ἐπὶ</em></strong></span> <span class='ocrx_word' id='word_1_266' title='bbox 955 2149 1125 2204; x_wconf 83' lang='grc' dir='ltr'><strong><em>γλυκύν</em></strong></span> <span class='ocrx_word' id='word_1_267' title='bbox 1151 2149 1296 2193; x_wconf 78' lang='grc' dir='ltr'><strong><em>ὕπνον</em></strong></span> <span class='ocrx_word' id='word_1_268' title='bbox 1325 2151 1441 2220; x_wconf 79' lang='grc' dir='ltr'><strong><em>ἔχευε</em></strong></span> 
     </span>
     <span class='ocr_line' id='line_1_39' title="bbox 278 2205 1363 2279; baseline 0 -30"><span class='ocrx_word' id='word_1_269' title='bbox 278 2205 498 2260; x_wconf 88' lang='grc' dir='ltr'><strong><em>νήδυμον,</em></strong></span> <span class='ocrx_word' id='word_1_270' title='bbox 530 2223 648 2279; x_wconf 81' lang='grc' dir='ltr'><strong><em>αντη</em></strong></span> <span class='ocrx_word' id='word_1_271' title='bbox 671 2208 718 2250; x_wconf 84' lang='grc' dir='ltr'><strong><em>δὲ</em></strong></span> <span class='ocrx_word' id='word_1_272' title='bbox 747 2207 849 2260; x_wconf 81' lang='grc' dir='ltr'><strong><em>χροῒ</em></strong></span> <span class='ocrx_word' id='word_1_273' title='bbox 875 2205 1029 2250; x_wconf 77' lang='grc' dir='ltr'><strong><em>ἕννυτο</em></strong></span> <span class='ocrx_word' id='word_1_274' title='bbox 1056 2208 1211 2278; x_wconf 74' lang='grc' dir='ltr'><strong><em>εῖματα</em></strong></span> <span class='ocrx_word' id='word_1_275' title='bbox 1240 2207 1363 2250; x_wconf 80' lang='grc' dir='ltr'><strong><em>καλά.</em></strong></span> 
     </span>
     <span class='ocr_line' id='line_1_40' title="bbox 267 2261 1353 2332; baseline 0.001 -27.012"><span class='ocrx_word' id='word_1_276' title='bbox 267 2261 492 2318; x_wconf 78' lang='grc' dir='ltr'><strong><em>ἑσσαμένη</em></strong></span> <span class='ocrx_word' id='word_1_277' title='bbox 523 2262 566 2306; x_wconf 79' lang='grc' dir='ltr'><strong><em>δ’</em></strong></span> <span class='ocrx_word' id='word_1_278' title='bbox 597 2278 646 2306; x_wconf 89' lang='grc' dir='ltr'><strong><em>ευ</em></strong></span> <span class='ocrx_word' id='word_1_279' title='bbox 674 2262 820 2306; x_wconf 81' lang='grc' dir='ltr'><strong><em>πάντα</em></strong></span> <span class='ocrx_word' id='word_1_280' title='bbox 848 2264 948 2317; x_wconf 84' lang='grc' dir='ltr'><strong><em>περὶ</em></strong></span> <span class='ocrx_word' id='word_1_281' title='bbox 975 2265 1077 2332; x_wconf 76' lang='grc' dir='ltr'><strong><em>χροῒ</em></strong></span> <span class='ocrx_word' id='word_1_282' title='bbox 1103 2265 1175 2306; x_wconf 88' lang='grc' dir='ltr'><strong><em>δῖα</em></strong></span> <span class='ocrx_word' id='word_1_283' title='bbox 1203 2262 1353 2307; x_wconf 77' lang='grc' dir='ltr'><strong><em>θεάων</em></strong></span> 
     </span>
     <span class='ocr_line' id='line_1_41' title="bbox 280 2318 1296 2389; baseline 0.002 -28"><span class='ocrx_word' id='word_1_284' title='bbox 280 2318 379 2375; x_wconf 74' lang='grc' dir='ltr'><strong><em>ἔστη</em></strong></span> <span class='ocrx_word' id='word_1_285' title='bbox 407 2319 495 2372; x_wconf 81' lang='grc' dir='ltr'><strong><em>πὰρ</em></strong></span> <span class='ocrx_word' id='word_1_286' title='bbox 524 2321 667 2374; x_wconf 83' lang='grc' dir='ltr'><strong><em>κλισίῃ</em></strong></span> <span class='ocrx_word' id='word_1_287' title='bbox 698 2318 966 2376; x_wconf 78' lang='grc' dir='ltr'><strong><em>(εὐποιήτου</em></strong></span> <span class='ocrx_word' id='word_1_288' title='bbox 995 2319 1042 2363; x_wconf 80' lang='grc' dir='ltr'><strong><em>δὲ</em></strong></span> <span class='ocrx_word' id='word_1_289' title='bbox 1071 2319 1296 2389; x_wconf 86' lang='grc' dir='ltr'><strong><em>μελαθρου</em></strong></span> 
     </span>
     <span class='ocr_line' id='line_1_42' title="bbox 165 2375 1358 2434; baseline 0 -13"><span class='ocrx_word' id='word_1_290' title='bbox 165 2377 249 2421; x_wconf 85' lang='grc'><strong>175</strong></span> <span class='ocrx_word' id='word_1_291' title='bbox 278 2378 387 2431; x_wconf 86' lang='grc' dir='ltr'><strong><em>κῦρε</em></strong></span> <span class='ocrx_word' id='word_1_292' title='bbox 421 2375 555 2434; x_wconf 77' lang='grc' dir='ltr'><strong><em>κάρη·</em></strong></span> <span class='ocrx_word' id='word_1_293' title='bbox 587 2376 746 2428; x_wconf 81' lang='grc' dir='ltr'><strong><em>κάλλος</em></strong></span> <span class='ocrx_word' id='word_1_294' title='bbox 777 2377 823 2421; x_wconf 79' lang='grc' dir='ltr'><strong><em>δὲ</em></strong></span> <span class='ocrx_word' id='word_1_295' title='bbox 851 2375 1075 2433; x_wconf 83' lang='grc' dir='ltr'><strong><em>παρειάων</em></strong></span> <span class='ocrx_word' id='word_1_296' title='bbox 1105 2375 1358 2433; x_wconf 84' lang='grc' dir='ltr'><strong><em>ἀπέλαμπεν</em></strong></span> 
     </span>
    </p>
   </div>
   <div class='ocr_carea' id='block_1_7' title="bbox 98 2499 915 3004">
    <p class='ocr_par' dir='ltr' id='par_1_12' title="bbox 98 2499 915 3004">
     <span class='ocr_line' id='line_1_43' title="bbox 111 2499 915 2547; baseline 0.009 -14"><span class='ocrx_word' id='word_1_297' title='bbox 111 2499 200 2534; x_wconf 82' lang='lat' dir='ltr'><strong>natis</strong></span> <span class='ocrx_word' id='word_1_298' title='bbox 225 2499 357 2537; x_wconf 75' lang='lat' dir='ltr'>duobus</span> <span class='ocrx_word' id='word_1_299' title='bbox 389 2500 459 2535; x_wconf 82' lang='lat' dir='ltr'>inis</span> <span class='ocrx_word' id='word_1_300' title='bbox 482 2501 656 2536; x_wconf 81' lang='lat' dir='ltr'><strong>versibus·</strong></span> <span class='ocrx_word' id='word_1_301' title='bbox 691 2502 730 2538; x_wconf 86' lang='grc' dir='ltr'><strong><em>ει</em></strong></span> <span class='ocrx_word' id='word_1_302' title='bbox 747 2513 836 2547; x_wconf 86' lang='grc' dir='ltr'><strong><em>σφιν</em></strong></span> <span class='ocrx_word' id='word_1_303' title='bbox 859 2499 915 2540; x_wconf 75' lang='grc' dir='ltr'><strong><em>οἳ·</em></strong></span> 
     </span>
     <span class='ocr_line' id='line_1_44' title="bbox 111 2544 914 2594; baseline 0.002 -13"><span class='ocrx_word' id='word_1_304' title='bbox 111 2558 178 2581; x_wconf 85' lang='grc' dir='ltr'><strong><em>εικ</em></strong></span> <span class='ocrx_word' id='word_1_305' title='bbox 200 2545 289 2587; x_wconf 83' lang='grc' dir='ltr'><strong><em>νυὸς</em></strong></span> <span class='ocrx_word' id='word_1_306' title='bbox 312 2546 400 2592; x_wconf 79' lang='grc' dir='ltr'><strong><em>ἔσσ,</em></strong></span> <span class='ocrx_word' id='word_1_307' title='bbox 424 2544 466 2592; x_wconf 85' lang='grc' dir='ltr'><strong><em>ἠε</em></strong></span> <span class='ocrx_word' id='word_1_308' title='bbox 489 2548 551 2583; x_wconf 80' lang='grc' dir='ltr'><strong><em>καὶ</em></strong></span> <span class='ocrx_word' id='word_1_309' title='bbox 574 2547 669 2590; x_wconf 77' lang='grc' dir='ltr'><strong><em>οὐκὶ,</em></strong></span> <span class='ocrx_word' id='word_1_310' title='bbox 701 2550 914 2594; x_wconf 78' lang='lat' dir='ltr'><strong>interpreta-</strong></span> 
     </span>
     <span class='ocr_line' id='line_1_45' title="bbox 111 2592 914 2640; baseline 0.001 -12"><span class='ocrx_word' id='word_1_311' title='bbox 111 2593 139 2628; x_wconf 78' lang='lat' dir='ltr'><strong><em>ti</em></strong></span> <span class='ocrx_word' id='word_1_312' title='bbox 160 2592 229 2633; x_wconf 78' lang='lat' dir='ltr'><strong>illi,</strong></span> <span class='ocrx_word' id='word_1_313' title='bbox 263 2599 369 2638; x_wconf 81' lang='lat' dir='ltr'><strong>puto,</strong></span> <span class='ocrx_word' id='word_1_314' title='bbox 393 2593 484 2629; x_wconf 84' lang='grc' dir='ltr'><strong><em>νυὸν</em></strong></span> <span class='ocrx_word' id='word_1_315' title='bbox 506 2606 685 2637; x_wconf 81' lang='lat' dir='ltr'><strong><em>sponsam,</em></strong></span> <span class='ocrx_word' id='word_1_316' title='bbox 721 2607 788 2640; x_wconf 90' lang='lat' dir='ltr'><strong><em>quo</em></strong></span> <span class='ocrx_word' id='word_1_317' title='bbox 811 2606 914 2630; x_wconf 78' lang='lat' dir='ltr'>sensu</span> 
     </span>
     <span class='ocr_line' id='line_1_46' title="bbox 109 2620 792 2685; baseline 0.003 -12"><span class='ocrx_word' id='word_1_318' title='bbox 109 2650 177 2673; x_wconf 78' lang='lat' dir='ltr'><strong><em>vox</em></strong></span> <span class='ocrx_word' id='word_1_319' title='bbox 201 2640 285 2673; x_wconf 85' lang='lat' dir='ltr'><strong>haec</strong></span> <span class='ocrx_word' id='word_1_320' title='bbox 307 2620 431 2684; x_wconf 60' lang='lat' dir='ltr'>leg&#39;itur</span> <span class='ocrx_word' id='word_1_321' title='bbox 455 2641 547 2685; x_wconf 84' lang='lat' dir='ltr'>apud</span> <span class='ocrx_word' id='word_1_322' title='bbox 571 2641 792 2678; x_wconf 83' lang='lat' dir='ltr'><strong>recentiores.</strong></span> 
     </span>
     <span class='ocr_line' id='line_1_47' title="bbox 160 2686 914 2732; baseline 0.003 -14"><span class='ocrx_word' id='word_1_323' title='bbox 160 2686 351 2721; x_wconf 79' lang='lat'>138—153.</span> <span class='ocrx_word' id='word_1_324' title='bbox 378 2687 728 2729; x_wconf 81' lang='grc' dir='ltr'><strong><em>αἰολοπώλους,</em></strong></span> <span class='ocrx_word' id='word_1_325' title='bbox 753 2698 914 2732; x_wconf 78' lang='lat' dir='ltr'><strong><em>equorum</em></strong></span> 
     </span>
     <span class='ocr_line' id='line_1_48' title="bbox 111 2731 912 2777; baseline 0.006 -14"><span class='ocrx_word' id='word_1_326' title='bbox 111 2731 316 2775; x_wconf 73' lang='lat' dir='ltr'><strong><em>agitatores,</em></strong></span> <span class='ocrx_word' id='word_1_327' title='bbox 346 2732 387 2769; x_wconf 85' lang='lat'><strong><em>11.</em></strong></span> <span class='ocrx_word' id='word_1_328' title='bbox 418 2747 462 2776; x_wconf 84' lang='grc' dir='ltr'><strong><em>γ,</em></strong></span> <span class='ocrx_word' id='word_1_329' title='bbox 499 2735 576 2769; x_wconf 85' lang='grc'><strong>185.</strong></span> <span class='ocrx_word' id='word_1_330' title='bbox 607 2752 653 2759; x_wconf 87' lang='lat'><strong><em>--</em></strong></span> <span class='ocrx_word' id='word_1_331' title='bbox 685 2747 743 2777; x_wconf 84' lang='grc' dir='ltr'><strong><em>πρ</em></strong></span> <span class='ocrx_word' id='word_1_332' title='bbox 758 2733 803 2768; x_wconf 83' lang='grc' dir='ltr'><strong><em>ὶν</em></strong></span> <span class='ocrx_word' id='word_1_333' title='bbox 837 2734 912 2768; x_wconf 87' lang='grc' dir='ltr'><strong><em>σοὶ</em></strong></span> 
     </span>
     <span class='ocr_line' id='line_1_49' title="bbox 111 2778 911 2825; baseline 0.003 -15"><span class='ocrx_word' id='word_1_334' title='bbox 111 2779 210 2816; x_wconf 77' lang='grc' dir='ltr'><strong><em>φιλ.</em></strong></span> <span class='ocrx_word' id='word_1_335' title='bbox 233 2789 323 2822; x_wconf 87' lang='grc' dir='ltr'><strong><em>μιγ.</em></strong></span> <span class='ocrx_word' id='word_1_336' title='bbox 346 2778 396 2813; x_wconf 83' lang='lat' dir='ltr'><strong><em>ita</em></strong></span> <span class='ocrx_word' id='word_1_337' title='bbox 414 2780 586 2824; x_wconf 45' lang='grc' dir='ltr'><strong><em>Κὸρρεοη</em></strong></span> <span class='ocrx_word' id='word_1_338' title='bbox 608 2779 672 2824; x_wconf 79' lang='lat' dir='ltr'><strong><em>ng.</em></strong></span> <span class='ocrx_word' id='word_1_339' title='bbox 697 2785 732 2813; x_wconf 78' lang='lat' dir='ltr'><strong><em>et</em></strong></span> <span class='ocrx_word' id='word_1_340' title='bbox 755 2791 817 2814; x_wconf 84' lang='lat' dir='ltr'><strong><em>nos</em></strong></span> <span class='ocrx_word' id='word_1_341' title='bbox 840 2779 911 2825; x_wconf 85' lang='lat' dir='ltr'><strong>pri-</strong></span> 
     </span>
     <span class='ocr_line' id='line_1_50' title="bbox 98 2824 912 2870; baseline 0.005 -15"><span class='ocrx_word' id='word_1_342' title='bbox 98 2824 187 2857; x_wconf 66' lang='lat' dir='ltr'><strong><em>dem</em></strong></span> <span class='ocrx_word' id='word_1_343' title='bbox 218 2835 296 2860; x_wconf 81' lang='lat' dir='ltr'>ann.</span> <span class='ocrx_word' id='word_1_344' title='bbox 329 2824 372 2861; x_wconf 82' lang='lat' dir='ltr'><strong><em>ad</em></strong></span> <span class='ocrx_word' id='word_1_345' title='bbox 397 2826 503 2870; x_wconf 64' lang='grc' dir='ltr'><strong><em>δορὴ.</em></strong></span> <span class='ocrx_word' id='word_1_346' title='bbox 528 2826 652 2870; x_wconf 76' lang='lat' dir='ltr'><em>Ajaoe,</em></span> <span class='ocrx_word' id='word_1_347' title='bbox 686 2825 811 2864; x_wconf 76' lang='lat'><strong>9041.</strong></span> <span class='ocrx_word' id='word_1_348' title='bbox 843 2826 912 2868; x_wconf 71' lang='lat' dir='ltr'><strong><em>ed.²</em></strong></span> 
     </span>
     <span class='ocr_line' id='line_1_51' title="bbox 110 2870 909 2918; baseline 0.006 -18"><span class='ocrx_word' id='word_1_349' title='bbox 110 2879 175 2902; x_wconf 76' lang='lat' dir='ltr'><strong><em>uec</em></strong></span> <span class='ocrx_word' id='word_1_350' title='bbox 190 2870 371 2913; x_wconf 81' lang='lat' dir='ltr'><strong>vulgatum</strong></span> <span class='ocrx_word' id='word_1_351' title='bbox 402 2872 541 2918; x_wconf 85' lang='grc' dir='ltr'><strong><em>πρ.οῇ</em></strong></span> <span class='ocrx_word' id='word_1_352' title='bbox 574 2885 615 2914; x_wconf 87' lang='grc' dir='ltr'><strong><em>φ.</em></strong></span> <span class='ocrx_word' id='word_1_353' title='bbox 640 2885 677 2917; x_wconf 90' lang='grc' dir='ltr'><strong><em>μ.</em></strong></span> <span class='ocrx_word' id='word_1_354' title='bbox 710 2872 781 2906; x_wconf 72' lang='lat' dir='ltr'><strong><em>fert</em></strong></span> <span class='ocrx_word' id='word_1_355' title='bbox 815 2883 909 2909; x_wconf 70' lang='lat' dir='ltr'>usus.</span> 
     </span>
     <span class='ocr_line' id='line_1_52' title="bbox 109 2908 829 2957; baseline 0.006 -10"><span class='ocrx_word' id='word_1_356' title='bbox 109 2925 142 2947; x_wconf 69' lang='lat' dir='ltr'><strong><em>es</em></strong></span> <span class='ocrx_word' id='word_1_357' title='bbox 145 2919 167 2948; x_wconf 73' lang='lat' dir='ltr'><strong><em>st.</em></strong></span> <span class='ocrx_word' id='word_1_358' title='bbox 206 2923 319 2950; x_wconf 78' lang='lat' dir='ltr'>autem</span> <span class='ocrx_word' id='word_1_359' title='bbox 363 2917 448 2957; x_wconf 78' lang='lat' dir='ltr'><strong>haec</strong></span> <span class='ocrx_word' id='word_1_360' title='bbox 487 2908 608 2953; x_wconf 80' lang='lat' dir='ltr'>menda</span> <span class='ocrx_word' id='word_1_361' title='bbox 647 2917 829 2954; x_wconf 80' lang='lat' dir='ltr'><strong>iotacismi.</strong></span> 
     </span>
     <span class='ocr_line' id='line_1_53' title="bbox 110 2956 906 3004; baseline 0.006 -9"><span class='ocrx_word' id='word_1_362' title='bbox 110 2956 217 2997; x_wconf 72' lang='grc' dir='ltr'><strong><em>οὐδ’</em></strong></span> <span class='ocrx_word' id='word_1_363' title='bbox 253 2963 297 2998; x_wconf 85' lang='grc' dir='ltr'><strong><em>εἴ</em></strong></span> <span class='ocrx_word' id='word_1_364' title='bbox 320 2976 400 3001; x_wconf 72' lang='grc' dir='ltr'><strong><em>κεν</em></strong></span> <span class='ocrx_word' id='word_1_365' title='bbox 423 2985 463 2991; x_wconf 81' lang='lat'>-</span> <span class='ocrx_word' id='word_1_366' title='bbox 493 2962 767 3004; x_wconf 71' lang='grc' dir='ltr'><strong><em>στονόεντα</em></strong></span> <span class='ocrx_word' id='word_1_367' title='bbox 804 2968 906 3000; x_wconf 68' lang='lat' dir='ltr'>vetus</span> 
     </span>
    </p>
   </div>
   <div class='ocr_carea' id='block_1_8' title="bbox 860 2936 908 2945">
    <p class='ocr_par' dir='ltr' id='par_1_13' title="bbox 860 2936 908 2945">
     <span class='ocr_line' id='line_1_54' title="bbox 860 2936 908 2945; baseline 0.021 -1"><span class='ocrx_word' id='word_1_368' title='bbox 860 2936 908 2945; x_wconf 66' lang='grc' dir='ltr'><strong><em>-ο</em></strong></span> 
     </span>
    </p>
   </div>
   <div class='ocr_carea' id='block_1_9' title="bbox 952 2501 1761 2547">
    <p class='ocr_par' dir='ltr' id='par_1_14' title="bbox 952 2501 1761 2547">
     <span class='ocr_line' id='line_1_55' title="bbox 952 2501 1761 2547; baseline -0.004 -11"><span class='ocrx_word' id='word_1_369' title='bbox 952 2501 1097 2547; x_wconf 80' lang='grc' dir='ltr'><strong><em>οριιιὶο,</em></strong></span> <span class='ocrx_word' id='word_1_370' title='bbox 1133 2501 1193 2547; x_wconf 80' lang='lat' dir='ltr'><strong><em>qui</em></strong></span> <span class='ocrx_word' id='word_1_371' title='bbox 1227 2502 1340 2536; x_wconf 75' lang='lat' dir='ltr'>subito</span> <span class='ocrx_word' id='word_1_372' title='bbox 1376 2514 1440 2536; x_wconf 81' lang='lat' dir='ltr'><strong><em>nec</em></strong></span> <span class='ocrx_word' id='word_1_373' title='bbox 1473 2502 1622 2537; x_wconf 77' lang='lat' dir='ltr'><strong>violenta</strong></span> <span class='ocrx_word' id='word_1_374' title='bbox 1652 2503 1761 2535; x_wconf 75' lang='lat' dir='ltr'><strong>morte</strong></span> 
     </span>
    </p>
   </div>
   <div class='ocr_carea' id='block_1_10' title="bbox 958 2548 1762 2593">
    <p class='ocr_par' dir='ltr' id='par_1_15' title="bbox 958 2548 1762 2593">
     <span class='ocr_line' id='line_1_56' title="bbox 958 2548 1762 2593; baseline -0.005 -10"><span class='ocrx_word' id='word_1_375' title='bbox 958 2550 1114 2591; x_wconf 85' lang='lat' dir='ltr'>obirent,</span> <span class='ocrx_word' id='word_1_376' title='bbox 1159 2548 1250 2583; x_wconf 83' lang='lat' dir='ltr'>viros</span> <span class='ocrx_word' id='word_1_377' title='bbox 1272 2550 1315 2583; x_wconf 84' lang='lat' dir='ltr'><strong><em>ab</em></strong></span> <span class='ocrx_word' id='word_1_378' title='bbox 1339 2549 1498 2593; x_wconf 77' lang='lat' dir='ltr'><strong><em>Apolline</em></strong></span> <span class='ocrx_word' id='word_1_379' title='bbox 1519 2549 1651 2582; x_wconf 74' lang='lat' dir='ltr'><strong>occisos</strong></span> <span class='ocrx_word' id='word_1_380' title='bbox 1673 2558 1762 2590; x_wconf 83' lang='lat' dir='ltr'>esse,</span> 
     </span>
    </p>
   </div>
   <div class='ocr_carea' id='block_1_11' title="bbox 944 2593 1762 2643">
    <p class='ocr_par' dir='ltr' id='par_1_16' title="bbox 944 2593 1762 2643">
     <span class='ocr_line' id='line_1_57' title="bbox 944 2593 1762 2643; baseline -0.001 -15"><span class='ocrx_word' id='word_1_381' title='bbox 944 2595 1117 2631; x_wconf 72' lang='lat' dir='ltr'>,mulieres</span> <span class='ocrx_word' id='word_1_382' title='bbox 1152 2601 1264 2630; x_wconf 87' lang='lat' dir='ltr'>autem</span> <span class='ocrx_word' id='word_1_383' title='bbox 1297 2607 1318 2629; x_wconf 87' lang='lat' dir='ltr'>a</span> <span class='ocrx_word' id='word_1_384' title='bbox 1340 2595 1462 2630; x_wconf 84' lang='lat' dir='ltr'>Diana.</span> <span class='ocrx_word' id='word_1_385' title='bbox 1487 2607 1523 2631; x_wconf 84' lang='lat' dir='ltr'><strong><em>v.</em></strong></span> <span class='ocrx_word' id='word_1_386' title='bbox 1549 2594 1592 2629; x_wconf 87' lang='lat'><strong><em>11.</em></strong></span> <span class='ocrx_word' id='word_1_387' title='bbox 1617 2593 1671 2643; x_wconf 78' lang='grc' dir='ltr'><strong><em>φ’,</em></strong></span> <span class='ocrx_word' id='word_1_388' title='bbox 1695 2593 1762 2628; x_wconf 83' lang='grc'><strong><em>758</em></strong></span> 
     </span>
    </p>
   </div>
   <div class='ocr_carea' id='block_1_12' title="bbox 959 2647 1028 2677">
    <p class='ocr_par' dir='ltr' id='par_1_17' title="bbox 959 2647 1028 2677">
     <span class='ocr_line' id='line_1_58' title="bbox 959 2647 1028 2677; baseline -0.035 0"><span class='ocrx_word' id='word_1_389' title='bbox 959 2647 1028 2677; x_wconf 74' lang='lat' dir='ltr'><strong>etc.</strong></span> 
     </span>
    </p>
   </div>
   <div class='ocr_carea' id='block_1_13' title="bbox 959 2699 1763 2791">
    <p class='ocr_par' dir='ltr' id='par_1_18' title="bbox 959 2699 1763 2791">
     <span class='ocr_line' id='line_1_59' title="bbox 959 2699 1763 2791; baseline -0.005 -12"><span class='ocrx_word' id='word_1_390' title='bbox 959 2699 1220 2791; x_wconf 56' lang='lat' dir='ltr'><strong><em>in1ggph¹113idis</em></strong></span> <span class='ocrx_word' id='word_1_391' title='bbox 1244 2745 1286 2779; x_wconf 82' lang='lat' dir='ltr'><strong><em>ad</em></strong></span> <span class='ocrx_word' id='word_1_392' title='bbox 1315 2745 1478 2778; x_wconf 85' lang='lat' dir='ltr'>Venerem</span> <span class='ocrx_word' id='word_1_393' title='bbox 1507 2743 1660 2777; x_wconf 78' lang='lat' dir='ltr'><strong>oratione</strong></span> <span class='ocrx_word' id='word_1_394' title='bbox 1683 2741 1763 2775; x_wconf 84' lang='lat' dir='ltr'><strong>hinc</strong></span> 
     </span>
    </p>
   </div>
   <div class='ocr_carea' id='block_1_14' title="bbox 956 2785 1763 2883">
    <p class='ocr_par' dir='ltr' id='par_1_19' title="bbox 956 2785 1763 2883">
     <span class='ocr_line' id='line_1_60' title="bbox 957 2785 1763 2837; baseline -0.005 -12"><span class='ocrx_word' id='word_1_395' title='bbox 957 2792 1100 2825; x_wconf 85' lang='lat' dir='ltr'>verbum</span> <span class='ocrx_word' id='word_1_396' title='bbox 1133 2791 1255 2825; x_wconf 69' lang='lat' dir='ltr'>sumsit</span> <span class='ocrx_word' id='word_1_397' title='bbox 1286 2789 1372 2834; x_wconf 78' lang='grc' dir='ltr'><strong><em>ἕρπε</em></strong></span> <span class='ocrx_word' id='word_1_398' title='bbox 1395 2790 1489 2837; x_wconf 81' lang='grc' dir='ltr'><strong><em>πρὸς</em></strong></span> <span class='ocrx_word' id='word_1_399' title='bbox 1501 2788 1621 2831; x_wconf 81' lang='grc' dir='ltr'><strong><em>Ἴδαν,</em></strong></span> <span class='ocrx_word' id='word_1_400' title='bbox 1645 2785 1763 2833; x_wconf 71' lang='grc' dir='ltr'><strong><em>’Ἕρνιε</em></strong></span> 
     </span>
     <span class='ocr_line' id='line_1_61' title="bbox 956 2835 1290 2883; baseline 0.003 -10"><span class='ocrx_word' id='word_1_401' title='bbox 956 2837 1050 2883; x_wconf 74' lang='grc' dir='ltr'><strong><em>πρὸς</em></strong></span> <span class='ocrx_word' id='word_1_402' title='bbox 1070 2835 1290 2882; x_wconf 59' lang='grc' dir='ltr'><strong><em>Ἀγχίσανῗ“</em></strong></span> 
     </span>
    </p>
   </div>
   <div class='ocr_carea' id='block_1_15' title="bbox 1004 2904 1325 2963">
    <p class='ocr_par' dir='ltr' id='par_1_20' title="bbox 1004 2904 1325 2963">
     <span class='ocr_line' id='line_1_62' title="bbox 1004 2904 1325 2963; baseline 0 -21"><span class='ocrx_word' id='word_1_403' title='bbox 1004 2905 1148 2942; x_wconf 78' lang='lat'><strong>164.11.</strong></span> <span class='ocrx_word' id='word_1_404' title='bbox 1174 2904 1241 2963; x_wconf 76' lang='grc' dir='ltr'><strong><em>α’,</em></strong></span> <span class='ocrx_word' id='word_1_405' title='bbox 1244 2907 1325 2942; x_wconf 82' lang='grc'><strong>401.</strong></span> 
     </span>
    </p>
   </div>
   <div class='ocr_carea' id='block_1_16' title="bbox 1235 2696 1762 2737">
    <p class='ocr_par' dir='ltr' id='par_1_21' title="bbox 1235 2696 1762 2737">
     <span class='ocr_line' id='line_1_63' title="bbox 1235 2696 1762 2737; baseline -0.008 -4"><span class='ocrx_word' id='word_1_406' title='bbox 1235 2700 1284 2732; x_wconf 82' lang='lat' dir='ltr'><strong><em>An</em></strong></span> <span class='ocrx_word' id='word_1_407' title='bbox 1307 2698 1517 2733; x_wconf 81' lang='lat' dir='ltr'><strong>Theocritus</strong></span> <span class='ocrx_word' id='word_1_408' title='bbox 1539 2697 1592 2732; x_wconf 85' lang='lat' dir='ltr'><strong><em>Id.</em></strong></span> <span class='ocrx_word' id='word_1_409' title='bbox 1618 2698 1658 2737; x_wconf 86' lang='lat'><strong><em>1,</em></strong></span> <span class='ocrx_word' id='word_1_410' title='bbox 1681 2696 1762 2731; x_wconf 86' lang='lat' dir='ltr'>-.1o5</span> 
     </span>
    </p>
   </div>
   <div class='ocr_carea' id='block_1_17' title="bbox 1001 2960 1792 3011">
    <p class='ocr_par' dir='ltr' id='par_1_22' title="bbox 1001 2960 1792 3011">
     <span class='ocr_line' id='line_1_64' title="bbox 1001 2960 1792 3011; baseline -0.018 -2"><span class='ocrx_word' id='word_1_411' title='bbox 1001 2964 1225 3009; x_wconf 60' lang='lat'>275-2181</span> <span class='ocrx_word' id='word_1_412' title='bbox 1241 2964 1373 3011; x_wconf 66' lang='grc' dir='ltr'><strong><em>κῦρε,</em></strong></span> <span class='ocrx_word' id='word_1_413' title='bbox 1404 2962 1538 3010; x_wconf 73' lang='lat' dir='ltr'><strong><em>attigit.</em></strong></span> <span class='ocrx_word' id='word_1_414' title='bbox 1572 2961 1620 3001; x_wconf 75' lang='lat' dir='ltr'><strong><em>cf.</em></strong></span> <span class='ocrx_word' id='word_1_415' title='bbox 1650 2960 1762 3006; x_wconf 80' lang='lat' dir='ltr'>hymn.</span> <span class='ocrx_word' id='word_1_416' title='bbox 1790 2979 1792 2982; x_wconf 92' lang='lat'><em>-</em></span> 
     </span>
    </p>
   </div>
   <div class='ocr_carea' id='block_1_18' title="bbox 1810 643 1821 694">
    <p class='ocr_par' dir='ltr' id='par_1_23' title="bbox 1810 643 1821 694">
     <span class='ocr_line' id='line_1_65' title="bbox 1810 643 1821 694; textangle 90"><span class='ocrx_word' id='word_1_417' title='bbox 1810 643 1821 694; x_wconf 58' lang='lat'><strong><em>-2.„</em></strong></span> 
     </span>
    </p>
   </div>
  </div>
 </body>
</html>
