1821 3288
525 132 566 177 5.
620 116 790 177 ΕΙΣ
841 128 1406 179 AHMHTP'AN.

312 242 432 286 δοῖεν
447 243 712 297 κουριδίους
741 242 916 295 ἄνδρας,
945 241 1019 286 καὶ
1052 241 1183 288 τέκνα
1209 245 1429 292 τεκέσθαι.

311 297 371 349 ὥς
399 299 600 343 ἐθέλουσι
628 304 803 353 τοκῆες.
834 299 900 354 ἔμ’
933 295 1032 342 αὖτ’
1065 302 1311 354 οἰκτείρατε,
1338 306 1509 354 κοῦσαι,

307 355 606 425 προφρονέως,
639 358 766 423 φίλα
775 354 916 406 τέκνα,
945 355 1050 406 τέως
1077 356 1186 408 πρὸς
1214 358 1388 411 δώμαθ’
1420 361 1580 429 ἵκωμαι

314 411 483 463 ἀνέρος,
510 410 559 467 ἠὲ
588 410 807 483 γυναικὸς,
838 413 910 454 ἵνα
929 414 1092 481 σφίσιν
1121 413 1197 465 ἐρ)
1200 412 1362 468 άζωμαι

201 468 280 514 140
309 467 540 523 πρόφρων,
572 466 643 509 οἷα
672 467 882 522 γυναικός
911 466 1124 522 ἀφήλικος
1158 470 1261 523 ἔργα
1289 469 1499 515 τέτυκται.

310 526 384 567 καί
414 541 489 567 κεν
518 525 654 565 παῖδα
685 525 869 578 νεογνὸν
897 540 943 566 εν
973 524 1228 594 ἀγκοίνῃσιν
1257 525 1414 580 ἔχουσα

306 581 420 624 καλοὶ
451 581 726 634 τιθηνοίμην,
755 580 828 622 καὶ
859 579 1036 635 δώματα
1063 581 1319 636 τηρήσαιμι·

307 639 382 680 καί
411 652 457 678 κε
487 637 609 690 λέχος
640 636 890 709 στορέσαιμι
918 641 1040 692 μυχῷ
1068 637 1282 693 θαλάμων
1314 636 1538 692 εὖπηκτωυ

253 692 278 719 *
306 691 593 743 δεσπόσυνον,
621 693 695 735 καί
722 692 767 735 κ’
797 693 901 746 ἔργα
931 680 1196 748 διαθήσαιμι
1220 695 1471 749 γυναικός“

196 751 276 798 145

397 751 463 802 Φῆ
498 749 554 802 ῥα
582 749 689 791 θεά·
719 766 769 805 τη
761 749 798 791 ’ν
829 749 871 792 δ’
904 749 1046 792 αὐτίκ’
1079 749 1276 820 ἀμείβετο
1308 752 1529 804 παρθένος
1556 751 1734 812 ἀδμής,-

305 806 560 860 Καλλιδίκη,
593 808 771 849 Κελεοῖο
803 810 1039 860 θυγατρῶν
1068 805 1180 857 εἶδος
1207 805 1389 876 ἀρίστη·

382 865 559 913 ,,Μαῖα,
589 865 707 906 θεῶν
736 861 813 918 μὲν
843 865 974 916 δῶρα,
1006 863 1080 906 καὶ
1106 861 1342 918 ἀχνύμενοί
1368 879 1460 917 περ,
1493 863 1664 924 ἀνάγκῃ

305 917 512 973 τετλάμεν
542 918 793 970 ἂνθρωποι·
826 920 878 971 δὴ
909 920 993 974 γὰρ
1022 919 1136 962 πολύ
1167 921 1370 991 φέρτεροί
1399 923 1492 964 εἰσι.
1555 933 1558 936 ’

303 979 440 1017 ταῦτα
461 975 516 1021 δέ
549 991 618 1018 τοι
654 976 823 1029 σαφέως
850 975 1148 1031 υποθήσομαι,
1176 975 1254 1030 ηδ’
1287 976 1496 1033 ὀνομήνω

195 1033 276 1078 150
306 1029 475 1084 ἀνέρας,
504 1029 618 1074 οἶσιν
648 1032 788 1074 ε’πεστι
817 1033 924 1086 μέγα
955 1033 1114 1084 κράτος
1143 1031 1299 1075 ἐνθάδε
1328 1039 1464 1091 τιμῆς,

305 1087 448 1142 δήιιου
477 1104 520 1131 τε
549 1087 832 1142 προῦχουσιν,
863 1089 925 1131 ἰδὲ
951 1089 1174 1144 κρήδεμνα
1205 1090 1367 1145 πόληος

303 1145 502 1214 εἰρύαται
532 1148 731 1200 βουλῃσι,
758 1146 830 1188 καὶ
859 1147 1017 1200 ι’θείῃσι
1051 1148 1236 1201 δίκησιν.

301 1200 412 1255 ἦμεν
447 1201 744 1255 Τριπτολέμου
774 1202 1051 1254 πυκιμήδεος,
1081 1200 1158 1255 ἠδὲ
1189 1200 1397 1255 Διόκλου,

302 1256 380 1311 η’δὲ
408 1259 688 1308 Πολυξείνου,
720 1257 793 1299 καὶ
823 1256 1048 1311 ἀμύμονος
1076 1256 1345 1327 Εὐμόλποιο,

192 1314 273 1358 155
302 1313 377 1356 καὶ
405 1314 611 1368 Δολίχου,
642 1313 714 1355 καὶ
743 1312 908 1367 πατρὸς
937 1313 1150 1367 ἀγήνορος
1178 1313 1418 1369 ἡμετέροιο,

303 1386 393 1412 των
418 1369 596 1412 πάντων
627 1370 779 1425 α’λοχοι
808 1372 916 1413 κατα
947 1370 1123 1423 δώματα
1151 1372 1458 1423 πορσαίνουσι.

303 1427 422 1469 τάων
453 1425 536 1468 οὐκ
566 1426 621 1468 ἄν
651 1427 713 1476 τίς
741 1438 787 1469 σε
817 1425 926 1469 κατὰ
955 1426 1200 1479 πρώτιστον
1229 1425 1413 1484 ὀπωπήν

306 1481 422 1532 εἶδος
452 1480 706 1535 ἆτιιιήσασα,
737 1483 885 1534 δόμων
915 1480 1293 1536 ἀπονοσφίσσειεν,

307 1537 417 1582 ἀλλα
448 1550 494 1583 σε
528 1539 742 1591 δέξονται·
773 1538 826 1596 δη
857 1537 942 1596 γὰρ
971 1538 1214 1590 θεοείκελός
1242 1539 1346 1582 ἐσσι.

181 1685 262 1725 139,
288 1681 345 1719 40.
370 1686 500 1730 putide,
529 1698 572 1720 ne
596 1686 704 1726 dicam
728 1686 872 1722 ridicule
895 1686 938 1721 li-

135 1730 219 1764 ber:
258 1728 322 1773 ᾖδε
347 1744 426 1773 γυν.
455 1734 649 1767 sufficiebat
674 1734 751 1766 anui
778 1745 939 1775 persona-

136 1781 194 1810 tae
217 1777 381 1812 dominus.
406 1779 460 1812 vel
486 1779 572 1813 doru-3
578 1792 630 1813 na.
664 1780 742 1812 hinc
766 1780 809 1813 de
834 1779 940 1813 utris-

135 1833 203 1867 que
233 1823 423 1868 singulatim
456 1826 637 1879 respondet
671 1826 836 1860 Callidice
862 1827 939 1861 150.

136 1874 172 1902 et
199 1870 274 1904 156
299 1887 342 1894 —-·
367 1868 628 1914 ἀφήλικος,
652 1873 800 1905 vetulae.

183 1915 259 1950 144.
281 1915 332 1948 ita
364 1917 481 1949 codex
508 1918 667 1957 Vossius,
703 1929 802 1975 quem
835 1917 940 1961 pleri-

136 1971 201 2005 que
228 1973 342 1994 ornnes
367 1963 476 1995 secuti
499 1970 595 1996 sunt:
631 1964 693 1997 καί
711 1962 747 1998 κ’
777 1963 804 1998 ε’.
832 1966 938 1998 διδα-

136 2005 309 2050 σκήσαιμι
342 2011 537 2049 γυνιιῖκας,
581 2016 703 2048 aperta
735 2009 869 2054 quidem
903 2014 939 2043 et

136 2060 218 2098 apta
240 2054 421 2094 sententia,
462 2054 522 2087 sed
548 2055 747 2089 violentiora
771 2055 939 2090 mutatio-

135 2109 190 2133 ne.
225 2099 335 2153 igitur
355 2100 406 2133 sic
430 2100 543 2144 potius
567 2101 769 2156 scribamus.
803 2103 868 2135 καί
899 2099 939 2134 κ’

136 2143 163 2178 ε’.
195 2143 442 2189 διαθρήσαιμι
470 2146 666 2188 γυναικός,
711 2153 745 2180 et
774 2148 938 2189 mulieris,

135 2192 165 2225 si
190 2191 309 2224 mulier
333 2198 404 2233 est,
439 2203 543 2234 opera
577 2193 846 2233 observaverim,
881 2204 940 2226 cu-

134 2247 274 2281 ramque
298 2237 521 2272 adhibuerim.
544 2243 584 2270 ut
602 2250 708 2282 pensa
724 2239 853 2272 faciant
875 2249 937 2272 an-

135 2282 245 2316 cillae.
276 2283 363 2316 tales
386 2288 466 2316 sunt
469 2283 666 2363 OEuryclea
686 2289 719 2318 et
745 2284 937 2329 Eurynome

134 2327 169 2361 in
194 2328 289 2370 Odys
294 2340 352 2361 sea
377 2329 435 2367 (v.
469 2329 597 2372 O‹l)ss.
633 2328 679 2370 α’,
702 2329 791 2368 429.Ι
825 2341 899 2363 ann
905 2331 935 2371 ),

135 2374 319 2418 eodemque
344 2375 449 2408 verbo
474 2375 567 2408 Cum·
573 2387 630 2409 cus
661 2387 741 2409 usus
772 2374 806 2408 in
837 2375 936 2408 simili

134 2430 238 2453 causa
279 2419 366 2452 dixit
409 2419 495 2459 τούς
535 2420 694 2464 ἀνέμους
732 2422 936 2464 διαθρῆσαι

133 2465 225 2510 Equ.
241 2465 321 2500 506.
345 2465 446 2498 fluxit
468 2472 577 2500 autem
597 2478 695 2502 error
711 2479 752 2500 ex
770 2479 823 2507 eo,
848 2467 940 2512 quod

134 2510 332 2557 permisceri
355 2511 390 2543 in
416 2510 510 2544 libris
528 2513 639 2546 solent
660 2515 701 2552 θ,
728 2527 768 2557 φ.
791 2515 854 2555 θρ.
876 2526 940 2557 φρ.

134 2568 169 2589 v.
203 2556 300 2590 Bast.
337 2556 446 2602 Epist.
485 2558 564 2591 crit.
596 2570 630 2602 p.
667 2561 766 2602 187„
803 2570 864 2592 nos
896 2560 940 2593 ad

133 2603 239 2636 Rhes.
263 2603 353 2644 309,
384 2603 541 2648 Aeschyl.
576 2606 640 2649 Ag.
665 2605 752 2647 644,
784 2605 938 2650 Choeph.

135 2649 204 2683 566
230 2653 297 2681 etc.

182 2692 375 2729 147-164.
400 2696 542 2748 μαῖα,
574 2699 746 2729 matrona.
778 2707 812 2730 v.
837 2695 940 2730 Schn.

133 2759 179 2767 --
203 2736 318 2803 ⁷5f252'
343 2758 385 2764 —
411 2736 497 2782 ἥδε
522 2759 566 2764 -
590 2739 687 2783 η’δέ.
731 2742 781 2775 sic
814 2742 938 2776 matth.

135 2790 171 2819 et
194 2786 275 2825 a'ii,
301 2797 364 2818 nec
390 2786 600 2830 probandum
626 2791 696 2826 est,
721 2788 812 2830 quod
839 2788 943 2821 habet

134 2831 235 2872 liber,
259 2828 281 2874 ἡ
308 2844 373 2874 μεν
403 2834 530 2873 Τριπτ.
554 2844 651 2873 πυκ.,
669 2833 748 2875 -ἡ
775 2832 813 2868 δε
839 2836 941 2874 Πολ.,

134 2887 170 2910 ιιι
195 2877 317 2919 quibus
351 2877 475 2912 οἰκίαν
510 2877 723 2921 intelligebat
749 2880 942 2920 Ruhnken„

135 2933 236 2965 quasi
273 2922 377 2957 aedes
407 2923 550 2957 istorum
575 2923 763 2968 principum
790 2924 943 2970 conspici

136 2967 335 3014 potuissent.
357 2980 377 3003 a
400 2973 504 3016 puteo
529 2969 729 3005 Parthenio.
762 2975 945 3016 praeterea

981 1686 1255 1742 interpunctione
1276 1684 1448 1720 illustravi
1472 1684 1563 1719 hunc
1582 1685 1703 1727 locum,
1725 1686 1787 1730 qui

985 1733 1085 1789 vulgo
1108 1734 1159 1766 sic
1181 1744 1258 1765 sese
1282 1732 1406 1765 habet.
1432 1750 1476 1756 —
1499 1731 1662 1776 δίκῃσιν,
1693 1731 1791 1776 ἠμὲν

984 1799 1028 1805 -
1063 1777 1264 1823 ἡμετέροιο.
1304 1797 1343 1802 -
1384 1778 1645 1819 πορσαίνουσι·
1685 1778 1788 1814 τάων

985 1826 1102 1870 (pejus
1126 1825 1226 1859 etiam
1251 1822 1384 1856 Ruhnk.
1409 1835 1531 1857 π-σι.
1554 1824 1606 1868 τ.)
1631 1828 1698 1858 etc.
1731 1837 1789 1860 so-

984 1871 1036 1905 lus
1060 1871 1122 1914 llg
1160 1872 1259 1916 plene
1294 1869 1505 1925 interpunxit
1527 1875 1608 1915 post
1629 1871 1787 1917 δίκῃσιν,

986 1923 1021 1951 at
1056 1917 1143 1950 idem
1177 1916 1279 1949 male:
1311 1913 1512 1957 ἡμετέροιο.
1549 1917 1626 1950 τῶν
1649 1936 1714 1957 -,
1750 1922 1798 1953 ut.

984 1963 1091 1997 ceteri
1115 1963 1276 2001 editores,
1299 1973 1372 1995 cum
1398 1973 1463 1995 non
1487 1961 1787 2006 animadverteret,

983 2009 1150 2053 vocabulo
1174 2007 1323 2041 πάντων
1345 2008 1439 2043 velut
1469 2008 1584 2052 colligi
1616 2009 1798 2053 genitivos.

984 2055 1019 2089 in
1043 2054 1276 2099 superioribus
1302 2054 1434 2098 positos
1459 2057 1600 2095 Τριπτ.,
1623 2053 1794 2092 Διόκλου·

986 2106 1072 2142 etc.,
1107 2111 1216 2143 eoque
1240 2100 1413 2144 pertinere
1444 2099 1485 2135 τὸ
1511 2099 1650 2144 ἄλοχοι.
1674 2120 1719 2126 -
1743 2103 1788 2136 do

989 2147 1218 2190 Triptolemo,
1242 2145 1335 2178 Celei
1360 2146 1469 2180 fratre
1489 2146 1644 2190 juniore,
1668 2147 1722 2181 vel
1744 2147 1787 2182 fi-

986 2192 1052 2233 lio,
1092 2191 1276 2225 secundnm
1304 2191 1624 2236 Apollod.1‚5.‚
1659 2192 1793 2238 Hygia,

986 2239 1174 2278 sab.147.,
1212 2237 1524 2279 Paus.1‚14‚2.‚
1549 2250 1582 2272 v.
1609 2239 1705 2273 voss.
1729 2251 1789 2275 sa·-

986 2284 1156 2317 cerdotem
1180 2294 1274 2316 suum
1299 2283 1448 2317 instituit
1471 2285 1578 2318 ceres
1601 2284 1706 2326 474„
1740 2287 1791 2324 Α-

985 2329 1179 2362 thenienses
1197 2329 1456 2369 senerabantu13
1481 2335 1640 2374 tanquam
1664 2334 1789 2366 θυσία-ε
1813 2370 1816 2375 ,

986 2386 1057 2408 rem
1091 2374 1332 2418 agriculturae.
1374 2375 1598 2409 recentiorum
1623 2388 1789 2410 commen·
1813 2383 1816 2400 ³

985 2427 1033 2461 ta,
1059 2420 1258 2466 praesertim
1284 2421 1495 2464 aegyptiaca,
1524 2423 1698 2455 enarravit
1721 2423 1787 2456 Di-

986 2467 1295 2506 od.1‚18—20.
1327 2484 1371 2490 --
1403 2467 1531 2505 Diocli,
1564 2468 1623 2512 qui
1655 2469 1792 2508 Dioclen

987 2511 1083 2545 audit
1109 2512 1252 2545 inferius
1276 2512 1368 2550 473,
1392 2513 1523 2547 solenni
1542 2513 1788 2558 permutatione

986 2558 1104 2591 harum
1135 2558 1315 2590 formarum
1349 2558 1406 2600 (v
1419 2583 1430 2599 ,
1462 2570 1547 2602 quos
1578 2560 1641 2593 hac
1674 2560 1718 2593 de
1749 2571 1788 2594 re

987 2603 1050 2646 11g.
1070 2602 1236 2644 laudavit,
1262 2603 1418 2637 Eustath.
1444 2605 1487 2638 ad
1505 2603 1546 2637 11.
1572 2602 1621 2643 α’,
1645 2606 1789 2649 9112,

987 2649 1224 2683 Hemsterhus.
1259 2649 1302 2682 ad
1335 2649 1483 2686 Lucian.
1517 2650 1559 2684 D.
1592 2649 1697 2684 Mart.
1731 2653 1787 2692 11,

989 2706 1022 2740 p.
1047 2695 1088 2729 37
1093 2694 1163 2735 7),
1192 2694 1382 2728 memoriam
1406 2696 1508 2730 etiam
1534 2695 1623 2731 Plut.
1646 2706 1789 2730 conser-

987 2740 1083 2773 vavit
1107 2740 1177 2774 Vit.
1202 2741 1308 2776 Thes.
1334 2753 1368 2785 p.
1390 2742 1425 2783 5,
1454 2742 1512 2782 B.;
1539 2741 1699 2784 Polyxeni
1721 2753 1788 2776 au-

987 2791 1055 2820 tem
1088 2789 1225 2830 praeter
1266 2788 1352 2820 hunc
1385 2793 1534 2821 nostrum
1569 2798 1682 2828 nemo3
1722 2798 1789 2822 nou

988 2832 1068 2866 item
1103 2832 1266 2875 Eumolpi
1296 2833 1465 2873 Thracis,
1504 2832 1600 2875 cujus
1642 2833 1789 2876 posteris

988 2877 1147 2912 mandata
1170 2878 1238 2912 fuit
1262 2890 1345 2912 cura
1369 2877 1623 2912 Eleusinion-um.
1655 2879 1790 2921 Neptuae
1812 2918 1815 2926 s

989 2923 1023 2957 ni
1056 2922 1149 2957 illum
1181 2936 1200 2958 e
1224 2924 1352 2958 Chione
1380 2923 1489 2958 filium
1522 2922 1609 2957 dicit
1630 2924 1791 2968 Apollod‘.

989 2970 1030 3013 3,
1055 2969 1118 3011 25,
1141 2969 1199 3014 4.,
1222 2971 1283 3006 ubi
1305 2981 1339 3005 v.
1362 2969 1478 3014 noyn.
1510 2986 1556 2997 -
1589 2970 1791 3016 πορσαίιε
