1821 3288
544 93 1127 136 ΟΔΤΣΣΕΙΛΣ
1183 95 1235 134 Φ.

1635 95 1724 138 153

233 199 317 249 ωδε
345 202 448 260 μάλ’
478 202 693 270 ἐξαπίνης,
725 204 800 247 καί
827 220 893 255 τις
921 202 1026 255 θεὸς
1056 200 1192 246 αὐτὸν
1226 202 1410 257 ἐνείκαι,-

231 260 262 316 ἤ
291 277 338 304 κε
367 260 683 332 μνηστήρεσσιν
713 259 934 316 ἀμύνοιτ’,
963 259 993 316 η’
1020 258 1222 314 Ὀδυσῆϊ;

233 316 398 370 εἴπαθ’,
430 317 546 368 ὅπως
575 317 713 373 υμέας
742 319 899 373 κραδίη
927 316 1072 377 θυμός
1099 331 1144 359 τε
1173 314 1404 359 κελεύειμ(

518 420 615 454 ambo
640 419 775 453 sineere
800 423 920 465 optant
942 419 1091 454 reditum
1115 417 1265 463 ΠΙμεῐε.
1301 407 1304 411 ’

317 485 406 529 Τὸν
435 485 481 554 δ’
511 482 615 530 αὖτε
645 487 875 557 προσέειπε
904 490 1035 545 βοῶν
1051 486 1338 555 ἐπιβουκόλος
1371 485 1505 544 ἀνήρ·

123 548 208 588 200
236 547 363 596 »Ζεῦ
392 542 540 596 πάτερ,
575 545 619 587 αἰ
648 547 730 599 γὰρ
759 549 890 587 τοῦτο
919 542 1214 599 τελευτησειας
1244 543 1419 596 ἐέλδωρ,

237 599 298 650 ὥς
329 601 452 643 ἔλθοι
481 600 559 655 μὲν
588 606 730 652 κεῖνος
762 601 888 656 ἀνήρ,
919 600 1078 656 οἷγοὶγοι
1108 602 1153 644 δέ
1184 600 1203 644 5
1234 601 1430 681 δαίμων(ί

234 659 388 726 γνοίης
415 655 459 712 χ’
465 689 474 708 ,
508 658 578 713 οἵη
608 658 687 713 ἐμη
716 657 910 727 δύναμις
934 658 1006 700 καὶ
1035 662 1171 712 χεῖρες
1200 656 1414 699 ἕβπονται

304 712 386 763 ’.Ως
417 712 461 756 6'
493 714 634 764 αὕτως
663 713 865 768 Εὔμαιος
895 713 1092 767 ἐπεύχετο
1122 717 1228 756 πᾶσι
1256 660 1430 766 θεοῖσι,ί

237 774 445 839 νοστῆσαι
467 767 663 825 Ὀδυσῆα
690 770 955 824 πολύφρονα
985 770 1089 812 ὅνδε
1119 771 1316 825 δόμονδε.

122 829 206 873 205
236 824 376 879 αὐτὰρ
407 826 562 897 ἐπειδη
583 843 720 882 τωνγε
748 825 858 869 νόον
890 825 1093 881 νημερτέ’
1125 826 1308 881 ἀνέγνω,

235 883 404 936 ἐξαῦτίς
433 881 516 939 σφ’
545 882 741 926 ἐπέεσσιν
770 883 1056 938 ἀμειβόμενος
1085 883 1370 938 προσέειπεν·

447 985 599 1030 Ulyssis,
624 984 878 1030 agnoscendum
901 984 968 1019 illis
991 995 1030 1019 se
1054 984 1179 1030 dantis,
1215 984 1344 1020 oratio.

313 1051 502 1105 ‚‚''Ev6ov
530 1070 609 1109 μεν
640 1051 692 1109 δὴ
724 1052 795 1096 ὅδ’
826 1052 958 1103 αὐτὸς
987 1052 1085 1108 ἐγώ,
1115 1051 1230 1097 κακοὶ
1258 1051 1399 1096 πολλὰ
1430 1049 1638 1110 μογήσας,

239 1106 414 1178 ἤλυθον
444 1112 622 1179 εἰκοστῷ
654 1111 739 1154 ἔτεϊ
767 1110 809 1160 ἐς
837 1111 1025 1163 πατρίδα
1053 1114 1198 1166 γαῖαν.

227 1165 460 1222 γιγνώσκω
492 1165 549 1222 δ’,
581 1167 640 1219 ὠς
671 1170 817 1225 σφῶϊν
846 1166 1170 1224 ἐελδομένοισιν
1201 1164 1339 1210 ἱκάνω

61 1322 266 1366 ἐνείκαι,
290 1328 329 1359 ut
351 1325 870 1369 Il.o',147.—Sch.5v5t¹-

62 1383 154 1406 και.
179 1370 247 1413 (sic
271 1372 372 1405 etiam
397 1375 436 1408 A.
450 1352 484 1409 2.
509 1380 545 1409 et.
568 1375 676 1415 Harl„
701 1375 781 1408 item
803 1376 870 1419 Ap.

63 1428 98 1450 v.
122 1415 269 1451 ἐνεῖκαι.
302 1419 363 1452 sed
388 1421 428 1453 A.
452 1419 485 1454 4.
511 1426 545 1454 et
572 1421 724 1465 plerique
747 1421 870 1454 codd..

64 1461 194 1509 ἐνείκῃ,
219 1463 309 1508 quod
339 1467 611 1500 commemoravit
634 1466 748 1500 διΙιοΙ.
773 1467 872 1501 Harl.

64 1512 107 1544 A.
131 1511 166 1552 3,
194 1511 250 1550 W,
275 1510 322 1544 Β·
348 1509 493 1546 ἐνείκοι.
529 1513 580 1545 E:
607 1510 757 1557 ἐνέγκοι,
781 1524 872 1546 more

63 1556 303 1589 recentiorum.
347 1558 504 1592 similiter
528 1559 667 1592 variant
691 1559 769 1592 libii
794 1560 814 1592 l.
841 1571 870 1591 c.

64 1601 213 1646 Iliadis.)
236 1600 303 1636 ἐνέ
296 1616 394 1646 κοι,
432 1603 577 1648 ἀγάγοι.
614 1606 644 1638 εἰ
668 1607 743 1649 quis
776 1606 873 1638 illum

65 1648 150 1681 deus
173 1649 358 1682 attulerit?
391 1651 434 1684 cs.
459 1654 540 1685 201.
566 1670 608 1675 -
637 1652 811 1695 κραδίη
841 1664 874 1685 κ.

65 1694 229 1740 θυμός.
262 1696 350 1736 342,
376 1695 421 1738 α’,
446 1699 535 1738 353,
564 1695 615 1736 θ’,
640 1698 729 1741 204,
759 1697 800 1734 11.
825 1697 872 1740 ν’,

65 1741 135 1776 784
159 1746 225 1774 etc.
242 1721 444 1795 tautologia
468 1722 671 1789 emphatica.

112 1788 192 1821 202.
217 1784 264 1825 ν’,
288 1787 368 1824 237.

112 1833 306 1867 205-207.
330 1834 584 1879 νημερτέα.
610 1833 657 1878 α’,
684 1836 727 1869 86
752 1838 874 1868 etc.—

66 1891 191 1913 κακα
217 1891 253 1913 π.
277 1892 375 1925 μογ.
401 1880 441 1923 ζ’,
467 1882 533 1916 175
558 1886 625 1917 etc.
650 1881 775 1924 „Virg
793 1887 875 1915 Aen.

66 1927 102 1965 1,
128 1924 226 1960 594:
261 1937 386 1967 coram,
411 1939 511 1970 quem
535 1929 713 1973 quaeritis,
741 1928 876 1969 adsum,

69 1971 195 2005 Troius
219 1972 362 2007 Aeneas.
367 1976 390 1993 “
415 1974 467 2008 Cl.

114 2018 193 2052 208.
225 2014 274 2056 π’,
299 2021 379 2061 206,
403 2017 445 2061 τ’,
468 2018 549 2060 484,
575 2017 626 2061 ω’,
649 2020 729 2054 321.
754 2018 797 2052 cf
821 2015 876 2063 ψ’,

67 2064 154 2104 102,
182 2066 217 2096 et
241 2063 435 2100 Alithersae
461 2066 655 2100 vaticinium
682 2068 790 2101 170-
795 2066 851 2099 76.

110 2110 191 2145 209.
217 2109 404 2146 Montbel.:
431 2113 508 2154 „Je
520 2113 699 2146 reconnais
713 2123 776 2155 que
795 2122 876 2144 vous

65 2156 156 2189 neuls
179 2157 294 2199 parmi
326 2169 398 2191 mes
433 2160 618 2192 seruiteurs
655 2170 741 2191 avez
765 2157 876 2190 desire'

35 2218 39 2219 ⁷
65 2213 145 2234 mon
167 2207 293 2236 retour.
326 2204 461 2248 Knight
484 2205 658 2250 supprime
683 2204 732 2237 les
755 2205 775 2238 7
797 2213 876 2236 vers

65 2247 219 2282 suivants
252 2249 295 2283 de
329 2262 368 2283 ce
394 2251 550 2284 discours
575 2251 606 2283 d'
613 2251 760 2295 Ulysse,
794 2249 877 2293 quil

65 2299 191 2328 trouve
217 2295 280 2328 mal
302 2295 366 2329 lies
390 2308 473 2330 avec
497 2308 584 2330 ceux
609 2298 665 2341 qui
693 2296 879 2341 prec6dent

65 2343 104 2374 et
114 2339 286 2377 d’ailleurs
307 2342 500 2387 exprimant
512 2343 572 2376 des
587 2342 786 2377 sentiments
810 2352 877 2386 peu

67 2386 258 2420 conformes
282 2399 348 2421 aux
365 2400 498 2422 moeurs
525 2389 585 2423 des
610 2390 760 2423 anciens.
778 2389 878 2432 (pro-

67 2431 145 2477 prie
168 2432 336 2476 Knight.·
371 2435 556 2476 ,.,210-6
593 2435 757 2479 Ejusdem
787 2446 877 2477 κομ-

68 2490 184 2521 ματος
207 2490 293 2522 esse,
327 2480 440 2514 hiatus
466 2481 528 2526 [2]
556 2492 621 2514 non
646 2492 707 2515 suo
728 2482 814 2520 loco,
841 2482 878 2513 et

67 2523 239 2562 sententia
270 2536 291 2558 a
313 2531 464 2562 veterum
492 2528 643 2561 moribus
666 2527 779 2560 aliena
804 2526 878 2570 pla-

71 2581 116 2604 ne
139 2570 298 2616 probant.
303 2575 327 2592 “
361 2572 446 2606 dicit
481 2579 593 2608 autem
616 2573 702 2606 haec
726 2573 877 2616 ejusdem

70 2615 259 2659 κόμματος
294 2628 334 2652 ac
357 2629 484 2653 versus
513 2620 719 2659 157—62,
749 2629 833 2661 quos
858 2629 878 2650 e

71 2663 172 2698 solito
207 2664 453 2708 rhapsodorum
489 2666 607 2699 studio
648 2663 878 2710 amplificandi

72 2708 246 2743 orationes
271 2710 444 2754 profectos
475 2723 552 2744 csse
576 2716 696 2756 putat3
729 2711 765 2743 id
788 2709 880 2754 quod

68 2755 261 2799 juncturam
295 2756 378 2789 satis
413 2758 624 2801 ostendere.)
670 2758 712 2795 Je
738 2769 781 2790 ne
805 2755 882 2789 vois

73 2812 137 2854 pas
167 2812 210 2835 en
244 2803 325 2846 quoi
363 2803 412 2836 les
445 2814 638 2848 promesses
670 2803 727 2848 qu'
753 2803 881 2845 Ulysse

73 2846 139 2881 fait
162 2859 229 2881 aux
252 2850 274 2883 2
294 2852 450 2893 pasteurs
469 2849 589 2883 fideles
612 2856 689 2883 sont
712 2850 882 2894 opposees

74 2904 142 2927 aux
165 2905 288 2939 usages
304 2894 366 2928 des
382 2895 503 2930 siecles
521 2897 716 2940 heroiques,
740 2907 782 2930 au
800 2906 882 2928 con-

74 2939 200 2984 traire,
233 2952 300 2987 que
330 2941 364 2976 le
388 2952 469 2977 vers
491 2940 580 2984 214,
614 2942 762 2988 compris
797 2940 883 2978 dans

915 1327 948 1361 le
971 1325 1264 1368 ret-ranchement,
1289 1325 1429 1371 indique
1455 1337 1500 1360 un
1523 1336 1634 1370 usage
1666 1323 1728 1359 des

917 1378 1026 1416 temps
1049 1373 1187 1406 ariciens
1208 1373 1267 1417 qui
1292 1384 1344 1406 me
1367 1375 1480 1428 parait
1502 1372 1574 1406 sort
1597 1382 1730 1405 remar-

917 1418 1053 1463 quable.
1100 1417 1251 1463 ’Ἆξομαι
1293 1417 1519 1463 ἀμφοτέροις
1555 1415 1729 1462 ἀλόχους,

909 1466 949 1508 je
972 1476 1055 1498 vous
1079 1464 1246 1498 donnerai
1281 1466 1303 1498 ὰ
1327 1471 1404 1498 tous
1428 1466 1517 1499 deux
1541 1465 1602 1497 des
1625 1466 1732 1508 &pou-

919 1522 981 1544 ses.
1025 1511 1148 1545 C'-est
1139 1524 1173 1544 a·
1179 1511 1253 1545 dire
1277 1507 1355 1555 qu’il
1380 1511 1430 1544 les
1454 1510 1663 1544 affranchira
1687 1510 1732 1544 de

918 1556 1145 1601 l'esclavage,
1181 1562 1216 1591 et
1240 1557 1288 1590 les
1313 1557 1482 1591 admettra
1506 1569 1525 1590 a
1550 1556 1731 1590 l'honneur

921 1603 1056 1636 davoir
1087 1615 1153 1637 une
1184 1604 1350 1636 samille.“
1407 1603 1564 1637 Feithius
1595 1613 1733 1647 quoque

920 1651 964 1691 2,
997 1650 1063 1691 20,
1096 1651 1150 1691 6.,
1187 1662 1252 1694 quo
1276 1649 1392 1694 capite
1425 1649 1498 1693 agit.
1530 1649 1573 1682 de
1596 1649 1732 1682 servis:

921 1695 1233 1737 „Liberabantur‚
1248 1697 1269 1714 ‘⁴
1293 1695 1425 1740 inquit,
1459 1720 1481 1736 „
1495 1705 1733 1739 nonnunquam

920 1741 1126 1775 dominorum
1144 1747 1326 1785 potestate.
1351 1740 1445 1785 quod
1471 1740 1653 1785 pollicetur
1669 1742 1732 1774 bu-

920 1787 1020 1820 bulco
1046 1799 1086 1821 ac
1111 1788 1250 1821 subulco
1273 1787 1430 1831 Ulysses,
1453 1786 1650 1820 interfectis
1671 1798 1733 1820 eo-

920 1844 996 1867 rum
1021 1845 1085 1877 ope
1105 1834 1229 1877 procis,
1255 1833 1383 1876 odyss.
1407 1834 1463 1875 21,
1487 1832 1557 1868 214
1573 1844 1672 1876 seqq.
1696 1837 1733 1866 et

920 1879 1012 1913 Plut.
1037 1880 1171 1914 Hellan.
1198 1879 1369 1913 Problem.
1390 1879 1444 1914 14.
1468 1883 1599 1920 narrat,
1625 1878 1733 1913 Tele-

921 1926 1074 1958 machum
1093 1926 1278 1960 Eumaeum
1303 1937 1344 1959 ac
1363 1925 1473 1959 socios
1488 1924 1650 1958 libertate
1668 1924 1733 1958 do-

921 1976 1021 2004 natos
1045 1972 1180 2005 civibus
1213 1971 1420 2012 inseruisse;
1453 1970 1544 2005 unde
1568 1970 1733 2004 Coliada-

922 2028 994 2050 rum
1016 2029 1056 2050 ac
1080 2018 1295 2051 Bucoliorum
1327 2029 1434 2061 genus
1470 2017 1504 2050 in
1526 2016 1648 2050 Ithace
1673 2029 1733 2050 ce-

921 2062 1091 2096 lebratum
1127 2063 1358 2109 permansit.“
1401 2063 1462 2097 sed
1497 2074 1563 2097 non
1594 2063 1732 2099 invenio

922 2110 1110 2154 exemplum
1143 2109 1432 2151 manumissionis,
1471 2109 1563 2154 quod
1595 2109 1734 2154 quidem

921 2159 1050 2188 certum
1075 2156 1132 2196 sit,
1157 2156 1248 2201 apud
1275 2157 1476 2190 Homerum:
1508 2167 1619 2200 neque
1644 2155 1732 2189 enim

920 2201 1010 2234 illam
1034 2213 1175 2235 necesse
1200 2207 1253 2235 est
1278 2202 1426 2246 intelligi
1459 2201 1494 2235 in
1517 2201 1732 2236 matrimonio

923 2252 958 2280 et
990 2247 1124 2292 peculio
1154 2249 1321 2291 domoque
1356 2248 1519 2292 propria,
1558 2259 1645 2291 quae
1676 2248 1732 2281 hic

924 2293 1096 2328 dicuntur.
1138 2294 1188 2328 sic
1212 2294 1304 2327 Dolii
1336 2305 1422 2328 uxor
1454 2302 1489 2328 et
1510 2293 1571 2327 filii
1597 2294 1734 2327 Melan-

923 2340 1024 2373 theus
1063 2339 1144 2384 aliu
1149 2352 1190 2373 ue
1226 2339 1364 2385 saepius
1397 2343 1623 2374 memorantur
1651 2339 1734 2384 (ω’,

923 2387 1005 2426 210,
1029 2386 1189 2421 386-38
1205 2387 1304 2430 etc..)
1322 2398 1386 2419 non
1403 2387 1484 2420 item
1504 2385 1734 2428 manumissio,

924 2432 985 2464 sed
1004 2442 1122 2465 servos
1140 2437 1270 2466 tantum
1291 2433 1447 2467 Laertae
1458 2432 1544 2469 dicit.
1562 2429 1613 2473 ω’,
1633 2433 1733 2467 207.τ

925 2475 1020 2511 ενθοι
1045 2477 1081 2512 οὶ
1095 2477 1208 2536 οἶκος
1231 2477 1306 2520 ἔην,
1326 2499 1369 2503 -
1386 2476 1447 2513 'Ev
1471 2479 1524 2524 τῷ
1547 2477 1735 2513 σιτέσκονκ

922 2535 966 2558 το
1000 2524 1063 2559 καὶ
1094 2524 1220 2567 ἵζανον
1246 2522 1313 2569 ἠδὲ
1347 2525 1457 2560 ἴαυον
1490 2525 1654 2568 Δμῶες
1687 2522 1735 2560 οἷ-

923 2573 1162 2613 ναγκαῖοι.
1187 2575 1222 2605 et
1244 2571 1318 2605 de
1310 2583 1397 2627 ipso
1414 2571 1567 2605 Eumaeo
1591 2577 1627 2605 et
1651 2570 1736 2605 Phi-

924 2617 1027 2651 loetio
1045 2617 1076 2650 E
1095 2618 1139 2651 ad
1157 2619 1259 2652 216·
1284 2617 1325 2652 τὸ
1351 2615 1401 2661 μὴ
1427 2615 1546 2661 μόνον
1565 2615 1734 2661 ἑτάρους,

926 2661 1019 2698 «iuda
1060 2663 1122 2698 καὶ
1160 2663 1402 2709 κασιγνήτους
1440 2664 1492 2709 τῷ
1535 2663 1735 2709 Τηλεμάχῳ

925 2723 1010 2745 του
1026 2722 1043 2749 ς
1087 2713 1108 2744 6
1121 2710 1298 2751 οὔλους
1348 2710 1517 2752 ἔσεσθαι,
1561 2713 1736 2746 κολακεία

925 2758 1070 2799 καίριος
1100 2754 1262 2800 φανεροὶ·
1295 2757 1372 2797 πῶς
1405 2769 1476 2801 γαρ
1511 2769 1557 2792 αν
1590 2755 1736 2792 ἔσονται

926 2805 1140 2847 κασίγνητοι
1163 2804 1224 2848 τῷ
1247 2801 1449 2847 δεσπότη
1475 2801 1518 2837 οἱ
1546 2804 1735 2846 δουλοι,·

926 2861 1051 2884 vereor
1075 2850 1206 2894 itaque,
1230 2861 1272 2883 ne
1287 2848 1491 2883 recentioris
1514 2850 1591 2884 aevi
1611 2861 1737 2884 morem

928 2897 1078 2932 Homero
1115 2895 1314 2929 affluxerint
1337 2896 1405 2929 viri
1438 2894 1544 2929 docti.
1588 2900 1737 2930 ceterum

929 2942 1082 2989 vulgaris
1106 2953 1303 2984 senorum,
1328 2941 1383 2978 vel
1408 2941 1736 2988 probatissimorum,
