1821 3288
81 116 166 158 384
202 85 205 92 ⁴
458 112 772 157 ADDENDA
810 114 892 158 ET
932 113 1360 161 EMENDANDA.

82 225 268 271 permixtas
290 235 524 271 nonnunquam
547 239 591 271 η,
615 238 649 269 ι,
685 228 721 260 et
744 238 797 267 ει,
835 223 985 270 itemque
1007 237 1030 270 y
1055 229 1091 260 et
1111 226 1135 261 ὃ
1157 226 1302 262 litteras.
1331 227 1377 262 cf.
1403 224 1449 272 η’,
1476 225 1554 262 114.
1576 245 1622 252 -
1643 224 1728 262 400.

80 278 175 306 recte
200 272 326 312 Barn.‚
350 277 492 307 auctore
515 271 707 317 Hesychioz
732 270 994 314 ἀταλάφρονα,
1026 282 1089 304 nec
1112 283 1165 306 me
1187 278 1300 308 movet
1331 273 1598 308 Scholiastarum
1622 273 1729 318 Apol-

79 318 227 362 loniique
250 323 286 351 et
309 317 505 363 Etymoiogi
528 320 700 364 scriptura
726 316 855 361 pariter
893 317 1094 361 depravata.
1127 317 1231 351 miror
1262 324 1396 361 autem,
1435 319 1545 353 virum
1569 317 1731 352 doctissi-

78 375 166 397 mum
235 363 321 407 rrigi
345 370 465 398 vetare
488 364 575 398 hanc
599 363 751 397 mendam
777 366 963 407 propterea
987 363 1066 407 quia
1090 361 1137 396 sit
1160 363 1365 399 inveterata.
1388 367 1454 399 imo
1479 376 1578 410 quam
1601 363 1730 398 diutius

78 374 233 443 foeda&
257 409 384 451 libros,
406 415 501 445 tanto
528 410 622 444 ocius
646 407 851 452 corrigenda
873 413 938 443 est.
961 419 994 442 ν.
1019 408 1223 443 Schneider.
1253 409 1287 444 h.
1311 422 1345 443 v.
1369 422 1434 445 non
1456 411 1556 445 semel
1588 410 1730 443 confusa

79 467 100 489 ο
125 460 161 488 et
185 467 220 488 α.
244 474 289 479 -
312 454 393 491 444.
417 456 598 490 absurdum
620 452 720 489 οὐδὲ.
744 465 928 497 ponamus:
966 450 1038 490 ὦδε
1061 474 1107 480 -
1131 453 1293 499 ἄνωγεν,
1326 456 1391 490 huc
1420 456 1474 502 (in
1500 456 1641 500 bellum)
1674 466 1732 490 me

76 502 250 545 impellere
271 503 358 537 solet
381 503 525 537 animus.
550 514 578 535 ω
604 505 640 534 et
664 511 709 535 ov
734 500 838 534 etiam
874 500 961 534 alias
994 501 1147 535 confusa.
1170 519 1215 526 —
1239 500 1319 536 492.
1344 501 1420 536 dele
1451 502 1617 548 virgulam
1651 506 1731 548 post

108 551 142 582 ελ
159 546 238 582 ’σει.

77 559 104 591 μ
147 560 218 634 ηΗ,
246 594 322 628 109.
348 596 418 627 not.
443 603 544 626 versu
569 589 602 625 4.
640 601 709 625 scr.
748 588 849 627 οὐδὲ.
874 610 919 616 --
945 592 1023 626 167.
1061 594 1133 626 not.
1167 603 1234 627 scr.
1270 593 1455 637 Eurypylo.
1479 612 1525 618 —
1544 593 1624 629 243.
1659 604 1730 628 scr.

76 636 242 685 τῦχῳμι,
265 640 321 672 vei
345 639 458 684 potius
481 636 647 682 τύχοιμι,
671 638 762 682 quod
785 637 940 671 servavit
967 637 1079 671 Boiss.
1096 657 1138 663 -
1164 638 1245 674 274.
1269 639 1481 684 repudianda
1501 640 1569 683 jam
1594 639 1734 674 videtur

77 685 211 730 Heynei
231 685 435 729 explicatio:
462 695 575 728 neque
598 685 687 718 enim
707 689 882 717 ostentare
905 688 1035 716 tantum
1060 683 1218 718 virtutem
1243 695 1338 718 suam
1352 685 1462 718 voluit
1486 696 1548 729 par
1567 685 1730 726 heroum

78 733 140 765 sed
166 731 292 764 dirimit.
317 741 463 775 pugnam
488 737 630 774 uterque
655 731 798 774 populus
822 740 894 763 cum
918 735 1020 763 nocte
1043 728 1236 773 ingruente,
1260 736 1328 764 tum
1352 736 1538 774 propterea
1561 731 1650 775 quod
1675 742 1732 765 res

78 790 118 810 eo
143 782 298 820 spectat,
343 784 381 809 ut.
411 776 574 809 acerrime
608 776 808 809 dimicantes
833 776 929 808 ambo
960 774 1009 807 illi
1033 775 1252 816 occidantur3
1292 776 1328 809 id
1358 776 1446 820 quod
1481 781 1517 809 et
1540 776 1671 810 Graeci
1695 782 1733 811 et

79 822 223 866 Trojani
242 821 413 865 indignum
439 828 582 866 putant,
607 821 692 866 ipsis
716 822 824 854 otiose
848 820 1126 866 adspicientibus.
1144 841 1187 846 -—
1204 822 1283 856 422.
1310 833 1375 856 scr.
1401 818 1463 856 aiu.
1486 840 1530 846 —
1554 822 1634 857 423.
1660 829 1731 858 not.

80 869 227 902 delenda
249 875 327 900 sunt
350 868 455 901 verba
482 868 625 911 'frojam'
640 886 684 892 —
700 867 836 908 intenti,
859 866 1027 912 siquidem
1052 867 1207 902 Graecos
1231 867 1395 913 Trojanis
1417 867 1610 902 occurrisse
1633 867 1732 910 dicit,

78 914 157 948 dum
181 913 321 958 utrique
346 919 495 946 mortuos
520 915 669 948 avehunt
693 924 734 946 ex
759 925 889 958 campo.
1620 945 1623 947 Α

177 961 222 1001 Θ,
246 961 291 995 36
305 962 416 994 -4Ο.
439 965 509 993 not.
534 971 599 993 scr.
633 959 760 1004 θυμῷ.
784 979 830 984 -
853 961 910 994 80.
932 962 1003 993 not.
1032 961 1121 994 extr.
1146 959 1197 993 sic
1220 969 1307 993 εει-,ε
1330 977 1376 983 -
1399 957 1469 1002 Ci.)
1499 959 1580 993 Sch.
1603 978 1649 984 ——
1673 960 1732 995 90.

82 1018 205 1040 vereor
229 1017 272 1039 ne
297 1006 489 1050 ponendum
513 1002 738 1048 suffit-awa,
763 1005 797 1040 h.
824 1017 855 1040 e.
881 1001 950 1040 σῠν
972 1003 1133 1048 ‘'Eu-tom.
1167 1006 1220 1049 (v.
1245 997 1324 1039 auh.
1350 1003 1393 1038 ad
1427 1005 1554 1050 Odys&
1576 1003 1625 1050 μ’,
1649 1005 1734 1049 243,

83 1053 208 1098 Eurip.
234 1052 364 1086 Phoen.
388 1054 410 1087 3
435 1051 522 1094 etc.)
563 1063 726 1096 nusquam
758 1050 846 1085 enim
887 1051 1108 1097 παραβάτης
1140 1057 1288 1084 vocatur
1324 1048 1490 1094 ἡνίοχος,
1534 1063 1597 1085 nec
1630 1052 1734 1086 facile

83 1099 251 1133 omittitur
275 1098 399 1131 mentio
423 1099 575 1141 aurigae.
600 1109 633 1130 V.
649 1096 794 1130 inferius
819 1097 895 1138 119,
922 1098 999 1138 126,
1025 1101 1090 1133 128
1113 1102 1180 1132 etc.
1204 1111 1227 1131 α
1245 1101 1278 1129 et
1300 1109 1311 1130 ι
1329 1097 1466 1130 litterae
1489 1098 1654 1132 confusae
1677 1095 1733 1140 ω’,

81 1144 171 1187 459,
197 1144 325 1188 Odyss.
352 1141 403 1183 ω’,
430 1145 507 1183 198,
530 1144 652 1187 hymno
676 1143 712 1176 in
735 1143 843 1178 Merc.
866 1145 923 1178 79.
948 1148 983 1177 et
1005 1155 1110 1188 saepe
1134 1143 1374 1178 alias—108.
1401 1154 1468 1176 scr.
1491 1142 1733 1187 μήστωρα.-

83 1192 161 1225 160.
187 1197 258 1223 not.
282 1201 371 1223 scr.:
395 1207 442 1214 --
472 1187 532 1223 ἐπὶ
563 1187 734 1233 τούτοις,
765 1194 963 1233 propterea.
989 1208 1034 1213 —
1060 1190 1136 1223 198.
1168 1189 1354 1222 scribamus
1379 1189 1491 1234 ἰδρίῃ.
1524 1201 1556 1223 v.
1583 1201 1662 1224 ann.
1688 1188 1733 1224 ad

82 1235 136 1278 ω’,
163 1237 216 1271 19.
242 1255 287 1260 -
311 1237 391 1270 201.
415 1232 462 1270 ἐν
490 1234 623 1280 φρεσὶ
647 1235 832 1276 θυμός,
857 1236 990 1268 animus
1014 1235 1052 1268 in
1071 1235 1296 1279 praecordiis.
1321 1234 1416 1268 locus
1440 1236 1666 1269 memorabilis
1689 1236 1734 1270 de

81 1282 165 1316 sede
190 1280 290 1315 animi
315 1286 351 1314 et
374 1280 513 1320 mentis,
546 1292 648 1323 quam
677 1280 755 1314 oiim
789 1280 994 1326 praecordia
1025 1292 1100 1314 esse
1136 1279 1365 1313 crediderunt.
1404 1291 1439 1316 v.
1473 1280 1674 1315 Schneider.
1698 1292 1733 1314 v.

83 1326 182 1374 φρὴν
205 1329 258 1371 2).
283 1326 400 1361 eodem
425 1327 522 1360 modo
547 1325 637 1371 ἦτορ
663 1325 702 1362 ἐν
741 1327 850 1369 φρεσὶ
883 1326 970 1360 dixit
992 1325 1041 1368 π’,
1065 1326 1144 1360 242.
1168 1345 1214 1350 -
1237 1326 1315 1360 231.
1341 1336 1420 1360 ann.
1453 1336 1521 1361 scr.
1554 1326 1641 1361 vitio
1670 1338 1734 1372 pro

81 1375 207 1409 versui.
233 1373 343 1406 malim
368 1384 456 1406 nunc
475 1373 614 1418 quidem
637 1373 766 1406 minore
791 1372 996 1406 mutatione:
1029 1370 1216 1416 κρητῆράς
1236 1384 1275 1406 τε
1297 1371 1442 1412 πιόντες
1468 1370 1523 1407 ἐπ.
1549 1373 1619 1407 οἴν.
1641 1373 1733 1407 forte

82 1421 246 1464 scriptum
271 1421 457 1461 πίνοντες,
497 1420 588 1463 quod
613 1419 754 1463 primam
779 1419 950 1464 porrigit,
991 1419 1137 1453 movisse
1159 1418 1298 1451 videtur
1322 1418 1524 1459 Marinum,
1558 1423 1598 1452 ut
1620 1418 1733 1459 daret,

83 1473 211 1501 temere
235 1472 406 1510 expuncta
431 1467 573 1509 copula:
598 1467 767 1505 πίνοντες
791 1478 845 1507 up.
870 1483 913 1488 —
938 1465 1017 1499 283.
1044 1476 1162 1498 versus
1196 1469 1377 1508 suspectus
1410 1469 1554 1509 propter
1584 1464 1734 1499 tautolo-

81 1514 194 1558 giam,
221 1512 280 1555 qui
303 1510 493 1544 accrevisse
518 1511 655 1544 videtur
679 1511 794 1545 verbis
819 1523 839 1543 a
862 1509 1080 1554 grammatico
1106 1510 1290 1554 adscriptis
1313 1508 1433 1545 νόθον
1457 1510 1635 1546 ἐόντα.-
1653 1506 1733 1545 378.

84 1559 294 1599 satiu'srest,
322 1557 405 1590 haec
429 1556 479 1589 ita
506 1557 613 1590 scribi
635 1567 700 1589 uno
723 1562 863 1589 tenore:
888 1574 932 1580 —
955 1556 1129 1600 γεφύρας,
1141 1554 1197 1589 ”H
1215 1568 1270 1595 τις
1293 1561 1359 1589 etc.
1385 1568 1418 1588 v.
1446 1556 1560 1600 Heyn.
1582 1576 1628 1582 —-
1651 1557 1732 1593 440.

84 1609 206 1639 λῖτα.
230 1604 276 1636 cf.
300 1614 377 1636 ann.
403 1602 446 1634 ad
471 1604 540 1638 Od.
566 1602 611 1644 α’,
639 1605 715 1637 130.
740 1622 785 1627 -
809 1601 886 1637 442.
912 1610 982 1635 not.
1007 1613 1094 1636 scr.=
1120 1600 1166 1642 α’,
1190 1603 1270 1642 530,
1291 1599 1345 1643 θ’,
1373 1602 1449 1638 198.
1472 1621 1518 1627 -—
1542 1602 1622 1639 450.
1647 1598 1735 1636 scri-

84 1652 206 1685 bamus
227 1648 487 1692 significanter:
520 1647 588 1683 οὐκ
612 1642 657 1682 ἂν
681 1645 743 1691 ἐμὲ
765 1647 960 1691 τρέψειαν,
997 1646 1076 1690 ἐμὲ,
1099 1658 1170 1687 me,
1204 1648 1264 1691 qui
1288 1647 1348 1680 sim
1371 1647 1473 1689 talis,
1506 1651 1575 1692 tam
1600 1655 1734 1694 potem.

84 1698 196 1741 friget
216 1694 261 1738 μὲ
288 1695 491 1735 encliticum,
516 1706 578 1729 nec
601 1695 703 1729 semei
727 1695 790 1728 hac
815 1693 940 1727 chorda
968 1694 1182 1727 oberrarunt.
1206 1704 1242 1726 v.
1265 1690 1310 1734 n',
1333 1694 1413 1728 378.
1438 1712 1483 1719 —
1507 1695 1587 1730 558.
1611 1692 1735 1730 πάντα

87 1743 128 1778 δέ
152 1739 181 1777 τ’
199 1742 336 1776 εἴδεται
359 1738 487 1783 ἄστρα.
513 1741 619 1785 quid?
647 1738 785 1783 ἄστρα,
809 1750 897 1783 quae
920 1740 1019 1773 modo
1044 1737 1250 1784 apparuisse
1273 1738 1387 1772 dixit?
1410 1738 1480 1773 Imo
1497 1737 1606 1783 ἄκροι,
1622 1740 1735 1785 cujus-

85 1789 175 1825 modi
198 1793 254 1821 est
276 1786 358 1820 iliud
382 1786 416 1819 in
443 1786 677 1830 superioribus
703 1786 742 1822 ἔκ
764 1783 798 1821 τ’
819 1785 956 1828 ἔφανεν
971 1805 1014 1810 -
1039 1783 1156 1826 ἄκροι.
1180 1797 1201 1818 κ
1226 1790 1262 1818 et
1285 1795 1305 1819 6
1328 1796 1395 1818 non
1420 1784 1476 1819 hic
1499 1791 1629 1820 tantum
1653 1797 1734 1832 per-

84 1837 192 1870 mixta
215 1839 312 1867 sunt:
337 1844 369 1865 v.
396 1833 434 1868 11.
459 1832 506 1874 v'‚
531 1833 610 1874 494,
635 1832 687 1875 φ’,
713 1835 778 1875 18,
803 1833 915 1877 hymn.
940 1831 975 1864 in
1000 1831 1128 1865 Lunam
1151 1831 1183 1867 6.
1204 1831 1273 1875 jam
1297 1831 1405 1875 magis
1440 1831 1541 1866 etiam
1563 1832 1736 1878 perspici-

85 1890 141 1916 tur
164 1890 323 1914 versuum
346 1880 426 1913 556.
450 1885 487 1912 et
509 1881 564 1913 57.
589 1880 652 1912 hoc
676 1879 809 1924 quidem
833 1879 905 1912 loco
929 1877 1108 1911 inutilitas.

178 1930 209 1968 Ι,
234 1927 289 1960 64.
315 1926 418 1958 scrib.
442 1924 661 1967 ὀκριόεντος.
685 1945 728 1950 -
752 1926 808 1960 97.
832 1924 881 1959 ἐν
907 1925 981 1959 σοὶ
1012 1925 1097 1968 μὲν
1127 1921 1257 1968 λήξω.
1290 1923 1435 1957 Terent.
1469 1923 1535 1957 Ad.
1558 1926 1673 1958 extu:
1696 1924 1734 1959 ίπ

85 1974 174 2008 istac
187 1974 296 2016 finem
314 1973 588 2014 faciat-206.
603 1977 672 2004 not.
693 1971 768 2005 dele
792 1971 898 2004 verba.
920 1969 1343 2013 tpa'nsgav-assandas.
1357 1983 1359 1985 ¹
1374 1969 1578 2015 Apollonius
1597 1981 1735 2016 quoque

88 2020 238 2053 emend-2
272 2017 311 2053 τὸ
338 2016 545 2060 κρεωδόχον
579 2015 736 2061 ἀγγεῖον.
761 2037 804 2041 -
829 2017 908 2051 386.
941 2023 1036 2050 recte
1070 2017 1268 2049 Barnesius:
1299 2015 1437 2050 πεισει’.
1470 2034 1517 2040 —-
1547 2016 1628 2050 392.
1654 2027 1734 2050 ann.

87 2077 174 2100 scr.=
201 2064 272 2106 „cf.
296 2065 376 2098 399.
403 2067 494 2109 apud
519 2067 651 2108 poetam
676 2064 786 2109 ipsum
811 2063 901 2096 haud
926 2064 1011 2096 maie
1032 2062 1230 2106 scripseris,
1262 2066 1370 2095 metro
1396 2062 1516 2105 plano:
1545 2057 1673 2103 ‘'Oct-15
1694 2058 1734 2096 θ’

87 2112 125 2147 οὶ
148 2109 205 2145 ἐπ.
231 2130 275 2134 -
301 2110 381 2145 414.
405 2113 636 2154 „perperam“
657 2116 721 2142 etc.
746 2110 811 2143 imo
837 2110 943 2142 bene:
967 2120 1075 2153 neque
1099 2108 1185 2141 enim
1205 2108 1327 2140 desunt
1350 2107 1501 2151 exempla
1524 2120 1538 2142 ι
1562 2107 1734 2153 ancipitis,

88 2163 125 2192 et
148 2158 307 2200 leguntur
331 2156 452 2189 similia
477 2156 600 2190 ἵκοντο
627 2155 678 2195 α’,
703 2157 781 2190 484.
806 2160 842 2188 et
866 2155 960 2190 ἵκετο
985 2153 1025 2195 λ’,
1050 2155 1128 2195 352,
1152 2152 1196 2197 τ’,
1221 2153 1310 2196 837,
1337 2152 1379 2196 ξ’,
1403 2153 1490 2195 429,
1523 2153 1630 2198 prima
1654 2165 1734 2187 cor-

89 2208 197 2247 r'epta.
223 2202 332 2235 malim
361 2208 473 2235 tamen
498 2202 625 2244 ἵκωμι,
662 2207 698 2235 ut
724 2201 879 2243 ἐθέλωμι
904 2200 939 2242 ι’,
963 2202 1042 2237 397.
1076 2201 1120 2235 cf.
1146 2198 1196 2240 ω’,
1221 2200 1288 2234 717
1312 2205 1348 2233 et
1369 2199 1472 2233 index
1494 2211 1528 2233 ν.
1553 2199 1734 2244 τυγχάνω,

88 2258 125 2283 et
148 2250 190 2283 de
215 2261 250 2288 α,
275 2260 319 2282 occ
338 2254 373 2281 et
396 2261 411 2282 ι
435 2248 586 2282 confusis
610 2245 669 2291 ω’,
694 2248 783 2289 459,
815 2247 972 2292 Aeschyl.
996 2247 1061 2291 Ag.
1091 2247 1157 2283 146
1182 2249 1248 2281 etc.
1285 2263 1331 2272 -—
1361 2244 1440 2281 463.
1465 2245 1544 2280 dele
1567 2245 1733 2291 virgulam

87 2301 166 2342 post
187 2294 405 2338 χωομένοιο.

180 2344 227 2382 K,
249 2343 283 2375 7.
308 2341 412 2374 scrib.
444 2336 609 2382 νιφετόν.
633 2357 679 2364 —-
710 2340 764 2375 13.
797 2338 1008 2372 annotationi
1031 2338 1116 2372 haec
1148 2337 1229 2371 addi
1260 2336 1380 2371 veiim:
1419 2336 1640 2382 Bt'ittigerus,
1677 2336 1735 2372 vir

88 2387 315 2427 clarissimus,
356 2387 442 2419 libro
467 2387 509 2419 de
533 2385 730 2419 inventione
760 2385 868 2418 tibiae
903 2386 1074 2426 (lVeitere
1105 2384 1333 2428 Ausszzhrung
1356 2384 1418 2416 der
1448 2384 1622 2418 Abhandl.
1651 2385 1736 2418 iiber

89 2436 146 2468 die
159 2434 356 2477 Erfindung
381 2433 441 2465 der
463 2433 564 2465 Flijte
585 2444 619 2466 u.
643 2431 812 2475 Marsyas’
837 2432 1065 2475 Bestrasng,
1089 2432 1160 2464 Ait.
1186 2430 1273 2463 Mus.
1297 2429 1417 2471 1.Bd.,
1439 2431 1473 2464 2.
1490 2429 1737 2474 Heft,1796.),

87 2491 155 2525 quo
180 2480 254 2513 loco
279 2481 352 2522 agit
377 2478 418 2511 de
442 2478 562 2522 hymno
589 2477 687 2510 Hom.
711 2477 746 2510 in
769 2477 993 2518 Mercurium,
1016 2477 1066 2510 ita
1090 2475 1253 2520 ¹oquitur:
1276 2475 1370 2515 „Ein
1388 2475 1534 2517 Beweis,
1558 2475 1638 2508 dass
1661 2475 1736 2509 die-

89 2537 146 2559 ser
170 2526 326 2570 Hymnus
351 2535 457 2557 neuer
491 2524 540 2557 als
573 2523 698 2556 Homer
730 2523 797 2564 ist,
836 2523 943 2556 findet
973 2522 1046 2555 sich
1079 2524 1164 2556 auch
1195 2519 1314 2562 daria,
1352 2520 1431 2554 dass
1455 2521 1510 2555 die
1543 2521 1665 2554 Musen
1688 2521 1735 2555 im

91 2572 216 2616 Olymp
242 2572 299 2604 die
323 2570 424 2604 Flote
447 2570 599 2614 spielen‚
626 2569 668 2602 V.
691 2570 777 2602 4502
809 2569 896 2602 deun
924 2567 980 2601 bei
1013 2568 1113 2602 Hom.
1136 2567 1177 2601 ΙΙ.
1205 2570 1260 2607 10,
1286 2568 1341 2602 13.
1370 2567 1527 2601 erklaren
1551 2565 1734 2600 Vilioisons

89 2618 251 2651 Scholien
276 2617 330 2650 die
356 2614 462 2650 αὐλοὶ
487 2628 520 2649 u.
544 2614 707 2659 σύριγγες
737 2616 795 2648 sur
825 2615 1069 2655 instrumente,
1114 2612 1169 2647 die
1201 2623 1266 2646 nur
1288 2612 1353 2646 den
1389 2613 1561 2647 Barbaren
1581 2612 1734 2646 bekannt

89 2674 274 2706 gewesen,
297 2662 441 2696 namlich
466 2673 529 2695 zur
552 2661 631 2694 Z‘eit.
654 2662 715 2694 der
729 2660 862 2694 Helden
888 2662 1044 2694 Homers.
1081 2659 1142 2692 Sie
1164 2663 1279 2692 setzen
1304 2658 1420 2696 hinzu.
1445 2658 1580 2693 Pseisen
1601 2669 1634 2691 u.
1654 2657 1734 2691 Flo-

89 2716 147 2742 ten
166 2710 285 2743 kamen
303 2720 366 2742 nur
389 2708 474 2741 noch
502 2713 519 2745 1
539 2707 610 2741 Mai
633 2707 668 2739 in
693 2707 755 2740 der
778 2707 860 2740 ilias
882 2717 966 2747 vor,
996 2717 1051 2739 wo
1074 2705 1130 2740 bei
1147 2705 1241 2738 einer
1254 2704 1602 2747 Brautheimffihrung
1624 2702 1734 2747 Jung-

90 2755 183 2799 {inge
207 2755 294 2788 dazu
318 2760 441 2788 tanzen
468 2754 540 2796 (18,
553 2753 650 2796 495).
698 2752 867 2786 Wirklich
890 2752 979 2795 folgt
1002 2752 1125 2786 daraus
1148 2761 1212 2784 nur
1235 2751 1354 2792 soviel,
1377 2751 1456 2784 dass
1477 2750 1514 2783 in
1537 2749 1603 2783 den
1625 2749 1735 2783 Stad-

88 2805 146 2834 ten
172 2800 309 2834 Ioniens
332 2801 387 2834 bei
411 2800 549 2833 solchen
575 2798 862 2832 Feierlichkeiten
886 2799 972 2831 auch
997 2798 1083 2831 nach
1110 2796 1171 2830 der
1195 2796 1296 2830 Flote
1319 2800 1462 2840 getanzt
1485 2795 1618 2829 wurde.
1665 2794 1734 2829 So-

88 2845 156 2879 wie
180 2847 262 2880 aber
287 2846 345 2879 die
363 2846 490 2879 Riimer
512 2846 614 2888 lange
626 2844 705 2877 Zeit
727 2844 799 2877 sich
825 2844 885 2877 mit
908 2843 1145 2877 hetrurischen
1167 2842 1325 2876 Pfeifern
1350 2842 1519 2882 behalfen,
1542 2850 1581 2875 so
1608 2839 1735 2874 erhiel-

86 2897 174 2932 ten,
200 2892 335 2925 scheint
358 2903 424 2933 es,
440 2892 496 2925 die
519 2891 633 2924 Ionier
656 2890 732 2923 ihre
756 2889 1003 2934 Fliitenspieler
1027 2900 1092 2922 von
1117 2890 1182 2922 den
1205 2889 1461 2922 benachbarten
1482 2885 1645 2931 Lydiern.
1691 2885 1734 2920 In

90 2937 152 2970 der
175 2937 332 2980 Odyssee
359 2938 468 2972 findet
491 2937 566 2970 sich
589 2936 690 2970 keine
715 2935 769 2978 (2)
794 2937 887 2980 Spur
910 2946 975 2968 von
999 2934 1060 2969 der
1084 2934 1203 2976 Fifite,
1239 2945 1316 2968 man
1339 2937 1465 2968 musste
1495 2932 1583 2966 denu
1608 2935 1664 2973 10,
1689 2933 1748 2967 10

90 2983 151 3017 mit
173 2982 363 3018 Rochefort
386 2980 481 3029 αὐλῇ
503 2984 560 3017 fur
584 2979 684 3027 αὐλῷ
709 2982 865 3016 ετΚΙὲἰτειι
887 2980 1024 3016 wellen.
1047 2981 1098 3024 (v.
1113 2991 1190 3014 ann.
1202 2979 1247 3014 ad
1263 2991 1336 3014 eum
1351 2979 1491 3023 locum.)
1528 2977 1578 3012 Im
1593 2976 1748 3013 Schilde

1812 2275 1817 2285 ι

1810 2377 1814 2389 V

1810 2426 1813 2434 η

1802 2465 1815 2542 ,ὲ

1810 2511 1814 2522 Ι
