1821 3288
138 102 222 145 842
535 98 800 144 ἹἻΕΙΣ
854 98 1417 147 ΔΙΟΝῬΣΟΝΗ

307 207 479 264 ληϊσταὶ
506 209 773 281 προγένοντο
803 210 924 259 θοως
952 207 1022 252 ἐπὶ
1053 209 1223 257 οἴνοπα
1239 209 1426 263 πόντον,
1567 239 1574 249 -.
1602 245 1605 250 .

310 267 550 320 Τυρσηνοί·
581 267 685 317 τούς
715 265 754 308 6'
784 268 859 320 ήγε
887 265 1022 315 κακὰς
1048 267 1195 321 μόρος
1226 269 1270 311 οἱ
1299 268 1345 312 δὲ
1375 267 1543 319 ἰδόντες
1602 300 1605 305 -

307 326 473 365 νεῦσαν
501 322 544 373 ἐς
574 323 806 377 ἀλλήλους,
835 320 942 389 τάχα
976 321 1021 366 δ’
1052 318 1263 377 ἔκθορον,
1277 322 1401 380 αἶψα
1430 323 1473 370 δ’
1505 322 1676 377 ἑλόντες

228 383 280 423 10
309 375 430 422 εἷσαν
459 379 528 422 ἐπὶ
559 379 768 433 σφετέρης
796 377 925 433 νηός,
954 380 1240 435 κεχαρημένοι
1266 381 1398 448 ήτορ·
1592 414 1596 418 .

307 434 409 478 υἱὸν
437 437 519 491 γάρ
551 452 625 490 μιν
654 436 818 488 εφαντο
848 436 1114 490 διοτρεφέων
1142 436 1361 504 βασιλήων

309 489 445 542 εἶναι,
474 492 548 535 καὶ
578 493 755 564 δεσμοῖς
783 490 938 534 ἔθελον
968 493 1059 534 δεῖν
1089 491 1353 546 ἀργαλέοισι.

307 548 385 592 τὸν
416 545 572 591 δὀὐκ
600 549 747 602 ἴσχανε
777 548 936 599 δεσμοὶ,
965 546 1092 605 λύγοι
1121 548 1163 591 δ’
1195 547 1280 592 ἀπὸ
1308 548 1462 604 τηλόσε
1488 553 1646 598 πίπτον

308 608 489 674 χειρῶν,
523 602 601 658 η’δὲ
628 605 803 647 ποδῶν·
836 603 860 647 6
892 604 938 647 δὲ
966 604 1174 659 μειδιάων
1203 604 1393 674 ἐκάθητο

229 663 280 706 15
306 661 469 715 ὄμμασι
497 660 735 703 κυανέοισι.
762 660 1031 731 κυβερνήτης
1059 661 1106 706 δὲ
1134 660 1322 731 νοήσας,

311 717 474 763 αὐτίκα
497 713 563 767 οἷς
592 716 810 772 ἑτάροισιν
842 717 1060 769 ἐκέκλετο,
1091 717 1296 787 φώνησέν
1327 732 1400 762 τε·

391 772 678 828 ,,Δαιμόνιοι,
707 775 806 817 τίνα
834 773 961 818 τόνδε
990 775 1099 818 θεόν
1129 773 1358 830 δεσμεύεθ’
1387 773 1578 843 ἑλόντες,

308 846 438 882 καρτε
422 829 547 884 ερόνς
579 829 682 874 οὐδὲ
711 829 861 902 φέρειν
891 830 1076 875 δύναταί
1104 848 1180 887 μιν
1208 835 1320 887 νηῦς
1345 829 1563 902 ευεργής.

306 886 348 955 ἢ
364 886 448 941 γὰρ
480 886 590 937 Ζεὺς
619 887 693 932 ὅδε
721 885 762 942 γ’
796 889 935 940 ἐστιν,
964 889 992 943 ἢ
1024 886 1321 943 ἀργυρότοξος
1345 876 1592 945 Ἀπόλλων,

221 948 276 989 20
306 942 355 998 ήε
382 943 660 996 Ποσειδάων,
691 943 780 987 ἐπεὶ
809 943 864 988 ου’
894 950 1097 1016 θνητοῖσι
1126 948 1372 1016 βροτοῖσιν,ν
1525 974 1528 980 ψ

304 1001 489 1052 εἴκελος,
522 999 632 1044 ἀλλά
650 978 807 1071 ἰθεοῖς,
840 1004 882 1044 οἱ
907 1000 1122 1073 Ὀλύμπια
1153 1000 1318 1056 δώματ’
1349 1000 1538 1056 ἔχουσιν.

308 1055 408 1099 ἀλλ’
441 1055 573 1112 ἄγετ’
604 1056 741 1100 αὐτὸν
772 1057 955 1127 ἀφωμεν
983 1056 1051 1100 ἐπ’
1083 1057 1282 1126 ἠπείροιο
1312 1060 1517 1115 μελαίνης

310 1112 492 1160 αὐτίκα,
525 1113 629 1170 μηδ’
660 1114 727 1158 ἐπὶ
753 1120 899 1185 χεῖρας
928 1113 1109 1163 ἰάλλετε,
1141 1115 1240 1170 μήτι
1269 1116 1512 1184 χολωθεὶς

308 1167 420 1224 ὄρσῃ
452 1169 692 1224 ἀργαλέους
721 1170 764 1213 τ’
796 1170 1004 1223 ἀνέμους,
1032 1172 1104 1214 καὶ
1134 1174 1322 1216 λαίλαπα
1350 1157 1561 1240 πολλήνΐς

224 1228 279 1271 25
382 1225 466 1276 Ὼς
497 1227 639 1284 φάτο·
670 1227 748 1269 τὸν
779 1227 820 1270 δ’
853 1226 982 1297 ἀρχὸς
1012 1233 1205 1299 στυγερῷ
1234 1227 1422 1298 ηνίπαπε
1451 1226 1606 1296 μύθῳ·
1646 1263 1663 1271 2

309 1280 538 1353 ,,δαιμόνι’
544 1314 554 1331 ,
585 1285 724 1335 οὐρον
756 1283 854 1336 ὅρα,
886 1284 974 1339 ἅμα
1005 1283 1045 1327 δ’
1079 1286 1218 1327 ιστίον
1248 1284 1367 1326 ἕλκεο
1397 1284 1515 1339 νηὸς,

311 1336 536 1393 σύμπανθ’
570 1338 681 1382 ὅπλα
711 1341 881 1410 λαβών·
921 1340 995 1384 ὅδε
1024 1340 1066 1384 δ’
1101 1337 1200 1383 αὖτ’
1233 1340 1436 1392 ἄνδρεσσι
1467 1339 1652 1398 μελήσει.

308 1395 513 1467 ε’)πομαι,
544 1393 572 1450 ἢ
601 1398 825 1448 Αἴγυπτον
855 1395 1074 1452 ἀφίξεται,
1107 1397 1144 1468 ἢ
1164 1396 1236 1452 ὅγε
1267 1397 1466 1450 Κύπρον,

309 1451 338 1505 ἢ
367 1451 409 1502 ές
435 1451 773 1506 Τπερβορέους,
802 1471 829 1509 η
861 1453 1098 1508 ἑκαστέρω·
1128 1454 1170 1504 ές
1201 1453 1246 1496 δὲ
1257 1454 1478 1522 τελευτήν

226 1513 281 1554 30
311 1508 358 1550 ἐκ
387 1507 487 1551 ποτ’
519 1508 610 1561 ἐρεῖ
637 1507 776 1552 αὐτοῦ
804 1525 848 1553 τε
878 1511 1055 1564 φίλους,
1086 1511 1160 1552 καὶ
1189 1508 1382 1565 κτήματα
1411 1508 1578 1563 πάντα,

314 1563 395 1614 οὕς
424 1580 468 1607 τε
497 1566 808 1620 κασιγνήτους,
839 1565 927 1609 ἐπεὶ
942 1565 1062 1636 ἡμῖν
1091 1566 1248 1621 ἔμβαλε
1278 1568 1490 1621 δαίμων.“

375 1619 465 1670 Ὣς
495 1622 628 1663 εἰπών
657 1621 781 1664 ἱστόν
809 1639 855 1665 τε
884 1622 957 1664 καὶ
987 1624 1126 1666 ἱστίον
1154 1623 1298 1665 ε’λκετο
1328 1623 1454 1677 νηός·

310 1675 550 1745 εμπνευσεν
579 1678 624 1721 δ’
655 1676 813 1746 α’νεμος
842 1678 974 1734 μέσον
1003 1680 1156 1726 ῖστίον,
1184 1677 1297 1733 ἀμφὶ
1327 1679 1370 1721 δ’
1402 1676 1476 1750 ἄρ’
1510 1676 1624 1724 ὅπλα

309 1732 600 1777 καττάνυσαν.
616 1733 734 1803 τάχα
764 1735 812 1779 δέ
841 1747 947 1805 σφιν
975 1735 1177 1790 ἐφαίνετο
1206 1734 1413 1805 θαυματὰ
1442 1735 1572 1795 e'pyoe?

230 1791 284 1837 35
315 1787 434 1840 οἶνος
463 1790 542 1844 μὲν
568 1789 791 1845 πρώτιστα
821 1791 939 1860 θοήν
969 1791 1053 1835 ἀνὰ
1081 1795 1167 1848 νῆα
1190 1790 1406 1862 μέλαιναν

311 1844 530 1914 ηδύποτος
559 1847 759 1904 κελάρυζ’
788 1848 976 1904 ευώδης,
1007 1847 1176 1901 ω’ρνυτο
1208 1847 1248 1891 δ’
1280 1846 1393 1904 ὀδμη
1547 1890 1550 1891 ⁷

311 1902 546 1976 ἀμβροσίη·
577 1905 743 1956 ναύτας
753 1902 818 1954 δὲ
846 1905 986 1961 τάφος
1015 1905 1119 1960 λάβε
1147 1904 1312 1956 πάντας
1342 1903 1616 1958 ἰδόντας.

310 1957 467 2003 αὐτίκα
494 1960 537 2004 δ’
569 1960 815 2020 ἀκρότατον
843 1963 961 2018 παρὰ
991 1964 1131 2005 ἱστίον
1160 1959 1423 2030 ἐξετανύσθη
1573 1965 1578 1967 ’

311 2014 501 2070 ἄμπελος
529 2016 661 2070 ε’νθα,
693 2019 772 2062 καὶ
795 2017 926 2072 ἔνθα,
954 2022 1312 2091 κατεκρημνῶντο
1347 2017 1392 2078 δε
1421 2016 1616 2078 ’πολλοὶ

229 2074 285 2116 40
313 2072 516 2142 βότρυες·
549 2073 661 2130 ἀμφ’
692 2073 814 2120 ἷστὸν
843 2076 889 2119 δε
919 2077 1050 2130 μέλας
1080 2077 1287 2118 εἱλίσσετο
1317 2073 1483 2126 κισσὸς,
1542 2084 1551 2090 ’

314 2127 469 2173 α’νθεσι
496 2132 748 2185 τηλεθάων,
780 2135 941 2188 χαρίεις
971 2132 1013 2176 δ’
1046 2133 1114 2204 ἐπὶ
1143 2131 1309 2186 καρπός
1339 2130 1524 2186 ὀρώρει·
1556 2165 1559 2167 -
1591 2178 1597 2183 ‚

254 2184 470 2270 *πάντες
501 2187 546 2230 δὲ
577 2189 761 2260 σκαλμοὶ
791 2189 1036 2245 στεφάνους
1066 2189 1177 2244 ἔχον.
1217 2205 1260 2231 οι
1293 2187 1338 2232 δὲ
1368 2187 1534 2241 ἰδόντες
1592 2196 1595 2201 ’

254 2240 363 2298 *μη
395 2242 544 2298 δήδειν
572 2244 664 2288 τότ
696 2245 840 2289 ε’πειτα
870 2245 1153 2315 κυβερνήτην
1172 2245 1238 2288 {uc
1224 2246 1370 2315 ἱλευον

312 2303 370 2355 γῆ
399 2300 576 2373 πελάαν.
608 2300 632 2344 ὁ
667 2300 725 2345 6²-
743 2301 830 2356 ἄρα
861 2314 940 2374 σφι
969 2303 1080 2345 λέων
1107 2299 1245 2354 γένετ’
1276 2301 1430 2344 ἔνδοθι
1457 2300 1577 2355 νηὸς.

227 2357 284 2401 45
315 2356 458 2407 δεινός
495 2356 564 2400 ἐπ’
593 2357 853 2414 ἀκροτάτης,
885 2358 993 2414 μέγα
1025 2357 1069 2402 6'
1093 2358 1304 2412 ἐ’βραχεν
1334 2358 1381 2400 έν
1411 2357 1454 2401 6²
1487 2357 1586 2412 ἄρα
1602 2356 1739 2416 μέσσῃ

315 2413 478 2466 ἄρκτον
508 2413 709 2470 ἐποίησεν
737 2417 1019 2471 λασιαύχενα,
1053 2413 1223 2483 σήματα
1253 2415 1440 2468 φαίνων

313 2467 370 2511 ἂν
402 2468 446 2511 δ’
478 2473 573 2525 ε’στη
603 2476 816 2526 μεμαυῖα,
844 2475 954 2516 λέων
985 2469 1030 2515 δ’
1062 2471 1132 2516 ἐπὶ
1160 2469 1369 2540 σέλματος
1398 2469 1541 2524 α’κρου
1584 2502 1588 2507 1

313 2524 460 2569 δεινὸν
487 2526 663 2580 ὑπόδρα
691 2527 918 2572 ἰδών.οἷ
947 2527 989 2572 δ’
1020 2527 1063 2580 ἐς
1092 2525 1297 2596 πρύμνην
1317 2528 1568 2597 ἐφόβηθεν,

314 2580 427 2638 ἀμφὶ
457 2584 733 2642 κυβερνήτην
763 2584 830 2639 δὲ,
862 2585 1096 2642 σαόφρονα
1123 2582 1273 2640 θυμὸν
1301 2582 1476 2641 ε’χοντα,

145 2705 364 2751 γένοντο,
403 2712 656 2754 apparuerunt,
693 2713 732 2744 ut
765 2710 824 2756 qui
855 2711 953 2746 modo
988 2706 1053 2752 ,οἷς
1072 2723 1130 2751 τις
1149 2707 1361 2754 ἀρίγνωτος.
1387 2729 1433 2735 -
1456 2708 1587 2753 ἔστη
1597 2706 1628 2763 ἡ
1653 2704 1797 2751 montoc-

145 2753 332 2788 solvissent
364 2759 400 2788 et
436 2755 471 2788 in
507 2755 609 2789 astum
646 2756 848 2798 tenderent,
890 2758 953 2792 sed
998 2778 1044 2785 —
1068 2755 1128 2802 μή
1151 2755 1204 2801 δή
1217 2759 1238 2792 δ
1250 2769 1331 2791 ειν
1355 2757 1406 2791 sic
1422 2756 1508 2791 libri
1531 2753 1640 2790 Paris
1665 2760 1708 2789 et
1724 2754 1797 2799 pri-

147 2805 332 2842 conspecto
379 2801 514 2834 Baccho
554 2806 730 2835 mutarunt
765 2803 954 2846 consilium,
997 2815 1078 2837 scae
1102 2803 1180 2837 edd.
1181 2770 1320 2837 neodex
1346 2802 1453 2836 Mose.
1476 2799 1570 2846 μηδ’
1593 2798 1676 2844 ἤδη.
1709 2799 1797 2835 male

147 2849 185 2877 et
210 2856 300 2879 nave
322 2857 487 2880 conversa
510 2857 645 2881 rursus
653 2848 870 2893 appulerunt.
997 2848 1123 2883 Bam-2
1155 2850 1370 2894 Μηδείδην,
1403 2849 1438 2883 h.
1463 2860 1494 2882 e.
1514 2846 1670 2890 Μηδέος
1699 2844 1800 2887 νῖὂν,

192 2892 289 2925 31-
302 2894 359 2926 58.
401 2890 490 2932 οῧς
535 2904 583 2928 τε
624 2905 809 2937 κασιγν.
864 2896 951 2930 haec
998 2905 1095 2939 quem
1127 2895 1154 2928 εἰ
1190 2906 1376 2930 memorare
1405 2893 1569 2928 voluisset
1600 2896 1724 2938 poeta,
1760 2892 1796 2925 in

148 2936 288 2972 caudam
313 2938 464 2974 trahunt.
488 2939 638 2974 fortasse
668 2939 804 2975 dixerat
837 2945 950 2987 poeta,
996 2940 1228 2988 superioribus
1263 2943 1478 2978 memoratum
1516 2939 1682 2986 oportuit.
1710 2938 1797 2974 scri-
