1821 3288
549 72 1132 115 ΟΔΤΣΣΕΙΑΣ
1186 72 1241 111 Σ.

235 185 328 235 πῶς
355 186 465 229 νῦν.
495 185 536 227 εἴ
562 198 604 226 τι
629 182 768 234 ξεῖνος
798 180 846 224 έν
874 178 1125 251 ἡμετέροισι
1155 178 1360 233 δόμοισιν

237 240 399 296 ἡμενος
429 237 512 283 ὦδε
542 238 683 283 πάθοι
714 236 987 309 ῥυστακτύος
1014 236 1057 288 ἐξ
1081 236 1338 305 ἀλεγεινῆς,

124 304 207 344 225
237 299 308 342 σοί
335 297 381 341 κ’
414 295 564 352 αἶσχος
591 295 712 350 λώβη
741 310 787 338 τε
815 293 907 350 μετ’
939 291 1218 350 ἀνθρώποισι
1246 293 1442 337 πέλοιτο.
1440 295 1480 317 '“

289 400 344 434 cui
367 399 502 445 placate
535 397 747 445 respondens
771 396 1000 432 Telemachus
1029 406 1156 442 procos
1188 394 1404 437 detestatur,
1436 400 1472 430 et
1504 395 1553 430 Iri
1587 406 1743 442 poenam,

205 445 275 481 illis
298 451 407 492 optat.

320 513 412 568 Τὴν
441 512 477 556 δ’
508 506 566 555 αὖ
598 510 845 582 Τηλέμαχος
873 510 1146 566 πεπνυμένος
1176 507 1330 552 ἀντίον
1357 506 1501 563 ηυδα·

240 600 267 620 ,
258 574 408 638 μῆτερ
438 569 538 624 ἐμὴ,
567 568 618 612 τὸ
648 569 726 624 μὲν
757 570 812 613 οὔ
841 580 887 612 σε
917 571 1196 636 νεμεσσῶμαι
1224 568 1524 622 κεχολῶσθαι·

242 625 399 680 [αυτὰρ
430 626 513 682 ἐγω
545 629 680 680 θυμῷ
709 627 821 669 νοέω
850 642 924 670 και
955 623 1057 669 οἶδα
1087 623 1272 673 ἕκαστα,

241 684 377 726 ἐσθλά
407 699 473 735 τε,
503 683 579 726 καὶ
607 699 660 725 τα
690 682 858 738 χέρεια,
886 681 1031 751 πάρος
1063 680 1108 724 δ’
1138 680 1199 723 ἔτι
1227 679 1384 734 νήπιος
1411 675 1500 735 ἦα]

126 745 210 785 230
240 738 348 784 ἄλλά
377 757 446 783 τοι
474 739 528 784 οὐ
560 737 753 807 δύναμαι
779 738 1035 792 πεπνυμένα
1069 736 1214 781 πάντα
1245 739 1425 791 νοῆσαι·

240 790 304 840 ἐκ
316 796 401 852 γάρ
430 812 482 867 με
507 794 773 865 πλήσσουσι,
803 793 1050 865 παρήμενοι
1091 792 1281 837 α’λλοθεν
1311 792 1462 842 ἄλλος,

242 855 334 897 οἵδε
364 852 478 897 κακοὶ
513 852 798 906 φρονέοντες,
834 850 932 903 ἐμοὶ
963 849 1006 894 δ’
1040 846 1124 893 οὐκ
1154 850 1263 892 εἰσὶν
1297 848 1479 905 ἀρωγοί.

243 926 297 954 ου
327 910 477 966 μέντοι
509 911 652 962 ξείνου
683 923 731 963 γε
757 907 830 950 καὶ
851 907 973 978 Ἴρου
1006 910 1149 962 μωλος
1182 906 1340 966 ἐτύχθη

242 967 505 1034 μνηστήρων
545 964 709 1033 ἰότητι·

750 965 824 1020 βίη
861 963 906 1007 δ’
936 963 1009 1035 ὅγε
1039 963 1248 1034 φέρτερος
1274 966 1365 1016 ἠεν.

129 1025 228 1068 235
243 1024 288 1066 αἰ
316 1022 424 1077 γὰρ,
455 1025 544 1065 Ζεῦ
572 1038 616 1064 τε
646 1020 805 1075 πάτερ,
836 1021 910 1064 καὶ
938 1019 1179 1088 Ἀθηναίη,
1201 1018 1276 1062 καὶ
1292 1019 1535 1071 Ἀπολλον,

243 1078 359 1123 οὕτω
389 1082 474 1122 νῦν
503 1083 744 1147 μνηστῆρες
773 1078 821 1120 ἐν
850 1076 1097 1132 ἡμετέροισι
1110 1074 1301 1146 δόμοισι

241 1136 415 1180 νεύοιεν
442 1135 659 1192 κεφαλάς,
691 1134 974 1192 δεδμημένοι,
1004 1135 1049 1178 οἱ
1076 1148 1156 1190 μεν
1186 1133 1233 1177 έν
1262 1130 1399 1190 αὐλῇ,

118 1262 243 1297 223-
252 1262 309 1298 25.
356 1261 408 1296 ita
430 1246 471 1297 Β.
496 1272 676 1318 perperam
700 1259 881 1301 alii-2103,-

70 1307 163 1348 νῦνς
188 1309 280 1352 quod
306 1307 339 1342 E
362 1313 479 1342 tuens:
513 1307 555 1343 τὸ
588 1307 628 1342 δὲ
659 1309 757 1347 πῶς
791 1308 881 1347 νῦν;

69 1332 207 1409 inqu’it,
231 1353 331 1390 πάνυ
355 1353 508 1394 ἐλλιπῶς
530 1355 593 1389 καὶ
617 1353 715 1389 οὕτω
739 1354 882 1397 γοργῶς

71 1398 277 1459 ἠρώτηται·
310 1414 356 1436 ου
380 1400 450 1446 γοὶρ
475 1399 618 1458 ἀφῆκεν
643 1399 833 1445 (permisit)
858 1398 878 1434 6

71 1446 196 1491 θυμὸς
212 1445 337 1492 ἐντελῆ
359 1448 531 1492 γενέσθαι
550 1446 618 1492 τὴν
634 1447 776 1482 πεῦσιν.
823 1445 881 1482 λε’-

69 1505 124 1550 γει
158 1492 219 1537 δὲ,
253 1507 334 1535 πως
364 1495 434 1528 νῦν
465 1493 506 1530 τὸ
539 1495 691 1538 nonium
712 1492 880 1537 γέγονενς

72 1536 119 1582 ἢ,
144 1541 224 1580 πῶς
259 1539 330 1576 ov'n
363 1539 579 1586 ἐπεξῆλθες,
615 1555 647 1575 κ.
675 1538 879 1580 ἐκωλυσαςς

70 1583 95 1630 ἢ
127 1584 251 1622 άλλοτι
275 1585 418 1632 ὅμοιον.
466 1587 567 1632 paulo
593 1586 711 1620 melius
736 1585 812 1620 Ald.
824 1587 879 1621 3.

71 1645 151 1674 πας
180 1634 269 1668 νῦν·
305 1633 366 1668 sed
401 1633 485 1668 ordo
518 1633 573 1668 hic
605 1639 676 1666 est.
707 1633 788 1672 πῶς
811 1633 880 1668 νῦν

74 1680 136 1715 σοι’
166 1676 207 1714 κ’
237 1678 362 1736 αἶσχος
392 1681 450 1724 (h
477 1692 506 1713 e.
531 1683 644 1715 ποῖον
668 1679 738 1712 νῦν
764 1681 824 1714 σοί
847 1692 880 1713 κ.

73 1727 132 1771 α.)
166 1745 211 1752 ·—-
243 1726 411 1767 πέλοιτο,
454 1726 492 1760 εἴ
520 1740 555 1760 τι
599 1746 640 1751 -
681 1722 880 1770 ἀλεγεινῆς,

71 1773 172 1818 quale
195 1785 283 1808 nunc
307 1774 454 1807 dedecus
474 1777 573 1806 tuum
608 1775 641 1805 et
665 1773 881 1816 opprobrium

65 1819 182 1863 fucrit
213 1819 304 1854 inter
338 1819 510 1859 homines,
546 1819 575 1852 si
600 1824 665 1852 etc.
726 1819 797 1852 Am.
824 1818 878 1858 Q:

71 1864 115 1902 τὸ
142 1865 243 1918 ἑξῆς·
276 1866 354 1905 πῶς
385 1865 436 1904 εἰς
459 1863 502 1899 τὸ
526 1861 718 1918 μετέπειτά
742 1875 799 1899 σοι
824 1862 880 1898 αἶ-

73 1922 158 1955 σχος
181 1909 280 1956 λω’βη
303 1924 340 1946 τε
364 1911 534 1949 πέλοιτο
567 1908 632 1946 ε’άν
663 1924 699 1944 τι
725 1907 744 1944 6
781 1910 879 1950 (alie-

71 1968 135 1994 nus
159 1965 212 1991 est
236 1957 418 1998 articulus,
441 1958 679 2002 suspicorque,
703 1969 737 1990 τι
765 1953 785 1992 ὁ
807 1956 880 2001 pri-

73 2003 175 2038 mitus
211 2004 320 2037 fuisse
359 2014 434 2045 τισ,
483 2004 573 2048 quod
611 2003 737 2036 habent
784 2002 879 2036 multi

73 2049 196 2107 codd.)
242 2051 360 2093 ξεῖνος
390 2017 511 2108 πάθῃ
534 2049 634 2092 ῥυστ.
673 2047 711 2091 ἐξ
744 2047 800 2084 ἄλ.
833 2047 876 2082 τό

71 2093 144 2142 γὰρ
168 2097 255 2132 νῦν
279 2094 471 2140 μέλλοντός
495 2095 569 2132 ἐστι
594 2094 744 2140 χρόνον,
767 2092 809 2130 τὸ
839 2092 879 2129 δὲ

70 2144 167 2184 πῶς
197 2142 456 2199 θαυμαστικόν
492 2155 583 2186 μετα
616 2141 750 2186 ἤθους.
810 2139 880 2185 ῥυ-

74 2188 312 2245 στακτύος
335 2187 403 2233 (π’,
429 2191 539 2247 109..)
587 2188 789 2245 ἓλκυσμοῦ,
821 2189 880 2222 αἰ·-

73 2238 219 2280 κισμοῦ.
265 2233 418 2280 κήδεται
442 2234 481 2270 ὁε
515 2232 647 2277 αυτοῦ,
689 2232 774 2276 παρ’
804 2231 881 2269 Εὔ-

72 2283 200 2341 μαίου
211 2284 404 2326 μαθοῦσα,
421 2279 602 2327 ὑπάρχειν
619 2279 735 2318 αὐτὸν
749 2280 882 2317 Ὀδυσ-

73 2331 164 2370 σέως
185 2328 346 2372 ἑταῖρον.

117 2377 200 2412 227.
252 2389 304 2411 το
337 2373 441 2420 μὲν,
475 2376 588 2411 τοῦτο
626 2372 705 2420 μέν.
738 2393 783 2400 -
815 2385 881 2410 νε-

70 2431 233 2505 ιειιεοσιὲιο
258 2420 304 2465 δ’,
338 2423 405 2458 195
436 2426 503 2456 etc.
543 2441 588 2447 —
629 2424 777 2466 κεχολ.
833 2418 882 2465 η’,

119 2515 201 2556 228,
219 2515 254 2553 9.
286 2525 404 2548 versus
423 2513 515 2548 haud
528 2513 632 2548 dubie
646 2512 881 2567 transscripti,

71 2560 194 2606 paucis
210 2561 363 2602 mutatis,
387 2560 626 2595 commissurae
644 2571 761 2601 causa,
778 2571 821 2593 ex
833 2573 856 2594 v
858 2557 894 2600 ',‘

74 2607 154 2641 309.
165 2611 200 2639 et
210 2607 310 2641 310.·
301 2618 433 2652 meque
446 2606 534 2640 enim
546 2606 695 2650 ejusdem
705 2611 758 2640 est
772 2617 881 2661 quae-

73 2651 129 2685 vis
155 2651 350 2696 intelligere
378 2657 414 2686 et
439 2664 504 2686 non
533 2652 739 2697 intelligere.
783 2651 881 2696 atqui

75 2697 174 2733 Harl.
203 2698 248 2732 ad
270 2701 369 2734 229.·
400 2696 528 2742 ἠθέτει
550 2699 611 2733 καὶ
640 2700 881 2742 Ἀρίσταρχος.

73 2743 181 2788 igitur
205 2748 241 2778 et
264 2744 324 2778 alii
347 2745 468 2786 suere,
505 2745 565 2789 qui
595 2745 750 2780 fraudem
774 2744 882 2778 senti-

72 2793 161 2824 rent.
213 2801 299 2824 cave
329 2794 439 2824 autem
477 2796 599 2846 putes,
646 2802 706 2826 eos
748 2790 884 2825 nonnisi

71 2836 153 2892 229.
186 2836 375 2872 damnasse.
428 2833 618 2872 οἶσύστατα
659 2841 740 2871 sunt
774 2837 882 2872 verba

72 2879 166 2918 νοέω
193 2880 326 2918 ἕκαστα
353 2886 388 2917 et
412 2894 458 2917 ου
484 2880 649 2926 ὁύναμαι
671 2901 717 2912 —-
734 2885 883 2928 νοῆσαι,

73 2926 173 2973 quod
208 2927 360 2974 cujusvis
397 2931 474 2964 erat
488 2930 729 2976 perspicere.
793 2930 883 2965 dura

926 1271 990 1295 nec
1013 1258 1204 1306 probabilis
1227 1262 1280 1292 est
1297 1255 1455 1302 Knightii
1478 1253 1591 1296 ratio,
1615 1263 1738 1288 versus

926 1308 1050 1342 229-
1057 1307 1128 1341 232
1159 1304 1319 1339 delentis.
1382 1308 1532 1338 ceterum
1572 1299 1739 1345 χέρεια

926 1353 1006 1394 hic,
1033 1357 1072 1385 ut
1097 1350 1145 1392 v',
1168 1352 1258 1391 310,
1291 1349 1397 1385 MSS.
1422 1352 1463 1384 Α.
1486 1350 1521 1383 2.
1547 1348 1664 1387 et3.‚
1701 1352 1739 1379 et

927 1400 1084 1433 'rhomae
1107 1375 1274 1453 1}ent1eji’‚
1308 1396 1389 1430 item
1420 1395 1498 1430 Ald.
1523 1395 1579 1436 3.,
1610 1394 1670 1436 W,
1694 1391 1737 1425 Β.

926 1445 1053 1489 vulgo·
1086 1443 1208 1488 χέρηα.
1256 1455 1291 1476 v.
1315 1454 1394 1477 ann.
1431 1441 1476 1476 ad
1510 1440 1552 1474 Il.
1577 1438 1624 1483 6¹,
1656 1440 1737 1481 400,

927 1491 1055 1526 matth.
1084 1492 1113 1534 ζ).
1141 1491 1240 1530 136.,
1263 1489 1369 1522 Schn.
1394 1501 1428 1523 v,
1452 1487 1617 1533 χερείων.

971 1538 1095 1572 230-
1105 1536 1188 1572 234.
1236 1532 1352 1570 ἀλλά
1376 1547 1451 1569 τοι
1474 1554 1520 1559 —
1544 1532 1740 1577 νοῆσαι.

925 1583 1036 1617 Voss:
1080 1584 1165 1616 aber
1204 1582 1261 1615 ich
1304 1583 1397 1615 kann
1438 1580 1640 1625 unm6glich
1677 1578 1739 1612 mit

927 1630 1086 1674 klugheit
1126 1630 1212 1662 alles
1246 1628 1433 1662 bedenken.
1475 1645 1521 1653 --
1560 1624 1609 1661 ἐκ
1650 1623 1737 1669 γάρ

925 1688 979 1720 με
1020 1695 1060 1701 —-
1095 1672 1245 1713 ἄλλος.
1301 1672 1491 1719 perterreri
1523 1683 1563 1707 se
1596 1671 1683 1706 dicit
1717 1682 1738 1705 a

928 1721 1042 1767 procis
1084 1720 1333 1762 assidentibus,
1373 1731 1436 1753 nec
1479 1730 1580 1764 posse
1625 1717 1740 1751 omnia

929 1768 1099 1812 dispicere
1132 1773 1168 1802 et
1202 1767 1396 1811 gubernare
1428 1765 1550 1800 solum.
1603 1764 1657 1799 E·
1691 1775 1736 1798 ου

927 1814 1120 1849 δύνασθαί
1167 1824 1259 1868 φησι
1299 1825 1431 1848 πεπν.
1473 1825 1510 1846 π.
1546 1812 1738 1867 νοῆσαι,

928 1859 1027 1895 διότι
1066 1859 1396 1902 ἐκπλήσσουσί
1436 1870 1488 1902 με
1530 1855 1625 1894 ἄλλ.
1668 1853 1740 1892 ἄλ-

926 1910 1022 1947 λος·
1070 1919 1159 1948 οπερ
1194 1905 1233 1941 ἐκ
1275 1908 1490 1950 μεταφορᾶς
1528 1903 1622 1947 λέγει
1663 1915 1740 1939 των

925 1951 1095 1997 ἐπίτηδες
1127 1950 1192 1987 ὸιά
1226 1964 1327 1993 τινος
1356 1952 1500 2010 πληγῆς
1534 1964 1567 1985 κ.
1601 1948 1738 1992 κρότου

926 1998 1152 2044 συγχεόντων
1193 1997 1372 2034 τινά·οι
1402 1999 1464 2033 καὶ
1497 1995 1596 2032 ον’τω
1625 2009 1740 2031 κατα-

925 2045 1173 2090 κρατηθέντες
1198 2044 1396 2089 ἕμπληκτοι
1419 2044 1602 2088 λέγονται,
1626 2056 1659 2078 κ.
1677 2041 1738 2078 ἕκ-

925 2098 1096 2136 πληκτοι·
1131 2094 1166 2127 εἰ
1196 2091 1237 2127 ὸὲ
1269 2092 1331 2127 καὶ
1359 2090 1434 2127 ὑπὸ
1459 2091 1617 2138 βροντῆς
1641 2087 1735 2125 avt&

925 2140 1108 2179 πάθοιεν,
1148 2138 1211 2174 καὶ
1236 2136 1491 2184 ἐμβρόντητοι
1525 2138 1740 2173 καλοῦνται.

927 2182 1001 2221 ἀπὸ
1020 2184 1060 2220 δὲ
1083 2187 1150 2219 τοῦ
1175 2172 1386 2229 ἐκπλήσσειν
1408 2185 1471 2220 καὶ
1491 2182 1739 2239 ἐκκρούεσθαί

926 2246 982 2273 τις
1014 2232 1120 2277 ἔργον
1153 2231 1294 2277 λέγεται
1328 2236 1396 2266 etc.
1429 2250 1473 2257 —-
1507 2233 1579 2267 Am
1604 2232 1647 2265 22
1681 2226 1737 2265 οὕ

927 2278 1108 2334 μέντοι.
1121 2277 1294 2319 ξείνου.
1353 2275 1399 2313 ου’
1431 2290 1528 2312 κατα
1541 2274 1626 2332 τὴν
1649 2274 1740 2331 βου-

928 2330 1032 2371 λησιν
1055 2325 1130 2359 τοῖν
1154 2321 1407 2381 μνηστήρων,
1411 2322 1501 2360 ουδε
1525 2320 1575 2363 ὡς
1599 2321 1752 2358 {vt-53²1·-

925 2386 1024 2430 μουν
1048 2369 1177 2414 αὐτοὶ,
1209 2369 1328 2417 ἀπέβη
1363 2382 1410 2405 τα
1444 2372 1510 2414 τῆς
1541 2368 1684 2414 μάχης·
1714 2366 1738 2405 ὁ

925 2433 997 2465 γαρ
1035 2415 1120 2453 Ὀδ.
1158 2418 1336 2475 κρείσσων
1385 2413 1546 2460 ἐγένετο,
1589 2415 1740 2451 εκείνων

926 2464 1161 2512 βουλομένων
1184 2462 1249 2500 τὸν
1272 2457 1371 2519 Ιρον
1393 2465 1553 2509 νικῆσαι.
1585 2482 1631 2488 -
1665 2462 1740 2498 Αιιι.

926 2514 989 2548 Β..
1016 2513 1180 2556 μῶλος.
1229 2508 1348 2566 (1136‘,
1373 2511 1450 2545 188.
1476 2511 1602 2553 μῶλον
1621 2504 1741 2552 ἄρηος

927 2558 1016 2592 dixit
1040 2557 1159 2592 eodem
1183 2557 1356 2596 carmine,
1381 2554 1428 2601 β,
1452 2555 1533 2592 401.
1558 2560 1594 2590 et
1621 2555 1739 2599 alias)

927 2605 998 2639 νῦν
1043 2601 1184 2650 πυγμή.
1229 2621 1278 2629 ·-
1332 2601 1432 2648 ὅγε,
1477 2602 1534 2636 hic
1579 2601 1739 2647 quidem,

929 2651 1086 2695 Ulysses.

974 2698 1057 2732 235.
1103 2693 1149 2739 δ’,
1173 2695 1240 2731 341
1267 2697 1333 2730 etc.

973 2744 1092 2780 237-
1103 2721 1184 2778 24’6.
1239 2741 1293 2776 E:
1332 2752 1498 2777 νευειν
1530 2736 1570 2775 δε
1600 2750 1739 2795 κεφα-

928 2787 1014 2830 λας
1052 2788 1191 2824 ταυτόν
1239 2786 1315 2823 ἐστι
1355 2789 1406 2846 τῷ
1451 2783 1739 2828 νευστάζειν

929 2835 1048 2893 (240),
1079 2832 1215 2871 ὁποῖόν
1248 2847 1284 2869 τι
1315 2847 1379 2869 και
1419 2831 1478 2869 ἐπι
1505 2830 1738 2886 Ἀμφινόμου

928 2880 972 2918 τό
1008 2879 1278 2924 νευστάζων
1310 2878 1492 2926 κεφαλῇ
1530 2878 1648 2923 (154)
1695 2876 1738 2913 vd

928 2926 970 2965 δὲ
994 2928 1289 2975 δεδμημένοι
1310 2915 1479 2973 ἐπίτηδες
1502 2929 1641 2968 κεῖται,
1676 2926 1740 2961 ἵνα
