1821 3288
484 106 1074 152 ΟΔΤΣΣΕΙΑΣ
1123 108 1177 148 Χ.

1594 112 1678 154 193

174 218 328 291 μητέρι
354 216 407 288 θ’,ἵ
434 216 634 289 ἡμετέρῃ,
664 218 787 273 παρά
813 232 859 262 τε
889 220 1159 288 μνηστῆρσιν
1186 217 1337 261 ἰάυονέ

66 280 155 325 465

256 276 341 328 Ὣς
371 274 449 329 ἄρ’
479 276 576 331 ε’,φη
607 277 681 319 καὶ
710 282 872 330 πεῖσμα
901 276 1001 326 νεός
1029 275 1378 343 κυανοπρώροιο

180 335 332 383 κίονος
361 332 523 384 ἐξάψας
554 332 752 402 μεγάλης
772 334 1000 388 περίβαλλε
1032 330 1206 381 θόλοιο,

182 388 321 441 νψόσ’
355 389 664 438 ἐπεντανύσας,
696 389 822 445 μήτις
849 389 979 432 ποσὶν
1011 384 1147 459 οὖδας
1176 389 1331 431 ἵκοιτο.

186 445 247 497 ὦς
276 443 323 489 δ’
354 443 461 488 ὅταν
487 444 516 501 ἢ
544 447 688 501 κίχλαι
717 448 1036 499 τανυσίπτεροι,
1066 444 1115 514 ἠὲ
1143 444 1322 497 πέλειαι,

184 501 300 560 ἕρκει
329 500 601 556 ένιπληξωσι,
630 501 730 546 τόθ’
761 502 926 575 ἑστήκει
956 503 1019 546 ένὶ
1047 500 1220 558 θάμνῳ,

71 560 156 605 470
185 561 314 602 αὐλιν
344 558 571 630 ἐσιέμεναι,
603 560 809 615 στυγερὸς
840 558 882 603 δ’
913 558 1149 611 ὑπεδέξατο
1180 561 1349 610 κοῖτος,

190 614 251 666 ὡς
282 614 374 670 αἵγ’
408 614 543 683 ἑξείης
573 619 764 674 κεφαλὰς
796 616 921 690 ἕχον,
939 615 1051 671 ἀμφὶ
1080 615 1126 658 δὲ
1154 613 1317 665 πάσαις

187 674 355 743 δειρῇσι
384 671 540 727 βρόχοι
564 674 695 741 ἦσαν,
727 673 844 723 ὅπως
875 674 1070 715 οι’κτιστα
1097 671 1302 715 θάνοιεν·

184 728 405 785 ἤσπαιρον
438 729 485 773 δὲ
515 728 696 773 πόδεσσι
726 728 920 785 μίνυνθά
950 744 1048 783 περ,
1080 727 1178 772 οὔτι
1213 727 1329 784 μάλα
1361 724 1458 784 δήν.

553 809 735 844 Melanthii
758 809 900 842 immane
923 807 1140 853 supplicium.

258 861 332 908 Ἐκ
362 863 410 909 δὲ
439 863 699 908 Μελάνθιον
729 859 840 920 ἦγον
869 862 954 907 άνα
985 863 1222 933 πρόθυρόν
1250 879 1296 907 τε
1325 862 1400 907 καὶ
1430 859 1580 921 αὐλήν.

75 922 159 968 475
186 924 268 964 τοῦ
299 919 342 965 δ’
374 919 463 964 dno*
494 921 574 976 μὲν
604 920 727 976 ῥῖνάς
756 937 812 967 τε,
845 921 919 964 καὶ
951 919 1104 971 οὔατα,
1135 921 1259 990 νηλέϊ
1288 923 1436 976 χαλκῷ

185 978 375 1032 τάμνον·
396 977 541 1049 μήδεά
570 977 612 1020 τ’
643 978 871 1032 ἐξέρυσαν,
901 978 1031 1020 κυσὶν
1062 975 1159 1030 ὠμὰ
1190 975 1434 1020 δάσασθαι·

189 1033 337 1090 χεῖράς
366 1032 408 1076 τ’
438 1032 517 1105 ἠδὲ
547 1033 688 1084 πόδας
717 1033 894 1086 κόπτον,
925 1034 1151 1103 κεκοτηότι
1177 1036 1326 1100 θυμῷ.

270 1092 324 1132 Οἱ
352 1090 432 1145 μὲν
461 1089 592 1133 ἔπειτ’
625 1089 951 1146 ἀπονιψάμενοι
982 1090 1129 1145 χεῖράς
1159 1107 1225 1140 τε,
1255 1088 1397 1140 πόδας
1425 1102 1484 1142 τε,

185 1146 248 1196 εἷς
272 1144 468 1215 Ὀδυσῆα
498 1146 686 1202 δόμονδε
715 1149 834 1191 κίον·
863 1147 1078 1191 τετέλεστο
1112 1147 1159 1190 δὲ
1191 1147 1334 1202 ἔργον.

69 1203 154 1248 480
185 1201 325 1258 αὐτὰρ
357 1202 430 1259 ὅγε
458 1204 692 1258 προσέειπε
722 1206 858 1261 φίλην
885 1204 1060 1261 τροφόν
1089 1202 1392 1260 Εὐρύκλειαν·

233 1282 346 1317 sulfur
369 1282 489 1317 afferri
511 1284 612 1328 jubet
636 1284 781 1329 01)εεεε
805 1284 850 1319 ad
873 1285 1070 1319 lustrandas
1093 1283 1211 1326 aedes,
1237 1287 1273 1318 et
1295 1281 1496 1328 Penelopen
1519 1290 1595 1317 cum
1623 1291 1689 1316 an·

152 1328 243 1364 ciffis
267 1329 380 1363 bonae
408 1329 503 1373 frugi
527 1330 570 1365 ad
595 1342 632 1365 se
656 1330 797 1365 arcessi.

267 1382 371 1430 Οἰσε
396 1386 560 1440 θέειον,
588 1384 717 1443 γρηῢ,
746 1402 897 1431 κακων
927 1385 1047 1440 ἄκος,
1080 1383 1172 1430 οἶσε
1203 1386 1251 1430 δέ
1282 1401 1359 1442 μοι
1387 1386 1495 1439 πῦρ,

16 1485 50 1524 ὅ.
67 1487 222 1533 χεῦαν.
245 1485 293 1544 β,
319 1489 374 1524 12.
394 1488 586 1547 -παροὶ
610 1487 660 1525 δὲ
683 1501 750 1533 μν.
779 1489 825 1524 ἴ-

15 1547 148 1570 ανον.
173 1534 214 1568 11.
241 1532 278 1576 ι’,
302 1536 403 1570 336.·
434 1554 479 1560 —
513 1534 585 1580 ε’χει
620 1533 660 1571 δ’
692 1534 826 1580 ἄλοχον

0 1579 202 1626 “θνμαρεά
234 1582 279 1627 τῇ
301 1579 500 1624 παριαύων
529 1581 740 1628 Τερπέσθω.
779 1583 825 1616 cf.

14 1627 141 1662 ibidem
154 1626 236 1671 325,
257 1617 392 1683 odyss.
421 1625 460 1669 ε’,
485 1630 552 1664 154
569 1636 636 1662 etc.
659 1648 702 1654 —
719 1631 826 1663 πεῖ-

16 1684 129 1718 σμα,
153 1675 287 1715 funem.
319 1671 360 1715 ζ’,
391 1675 484 1728 269,
518 1674 556 1716 ι’,
589 1676 655 1710 136
679 1678 744 1708 etc.
780 1675 826 1707 cf.

15 1719 69 1765 φ’,
92 1721 173 1755 390.
208 1720 451 1763 circumjacent
474 1720 510 1754 in
535 1721 678 1754 aedibus
703 1721 828 1754 ruden-

15 1771 93 1807 tes,
125 1769 246 1810 utpote
270 1767 363 1810 apud
387 1770 523 1809 gentem
548 1767 762 1799 maritimam.
784 1784 830 1790 —-

15 1813 198 1856 κίχλαι,
245 1812 411 1845 hodierna
456 1812 670 1845 Graecorum
714 1812 829 1856 lingua

16 1859 150 1898 tsicles,
173 1857 281 1891 turdi.
306 1857 360 1890 E:
384 1857 524 1900 κίχλαις
547 1857 587 1893 δε
613 1872 645 1893 κ.
669 1860 831 1897 πελείαις

16 1902 152 1946 εἰκάζει
182 1899 249 1944 τοὶς
283 1901 462 1947 ρηθείσας
495 1902 643 1948 δμωὰς,
687 1904 730 1939 τὸ
763 1916 830 1947 μεν

18 1950 106 1991 ἴσως
148 1947 214 1984 διοὶ
247 1949 288 1984 τό
307 1948 510 2006 κιχλισμρν
544 1964 619 1986 των
650 1948 830 1995 γελώτων,

20 2010 87 2038 ους
103 1993 247 2040 ἐγέλων,
268 1993 578 2053 εὐφροσύνην
598 1994 831 2053 άλλήλαις

0 2042 326 2102 ;παρὲχουσαι
339 2041 412 2086 (ν’,
437 2044 498 2085 8),
533 2042 594 2079 ὅτε
618 2044 681 2078 καὶ
711 2040 732 2086 ἦ
760 2044 830 2078 τοῦ

17 2086 228 2130 Ὀδυσσέως
256 2085 404 2124 νλάκτει
432 2088 662 2133 καρδία,τὸ
697 2089 737 2125 δὲ
763 2089 828 2124 διοὶ

17 2135 61 2173 ’τό
89 2134 322 2192 κατωφερές·
347 2137 521 2171 τοιαῦται
550 2135 622 2182 γάρ
656 2135 693 2170 αἱ
728 2149 828 2179 περι-

20 2183 166 2226 στεραὶ,
198 2195 251 2216 ων
280 2179 323 2216 τὸ
356 2180 576 2236 πάντροφον
601 2182 666 2218 διά
690 2181 732 2217 τὸ
769 2181 827 2217 ἀεὶ

19 2230 232 2283 μίγνυσθαι.
255 2227 340 2271 (imo
364 2227 453 2263 serie
478 2234 608 2263 tantum
633 2234 668 2263 et
688 2240 825 2262 numero

19 2275 120 2311 simili
156 2275 276 2309 avibus
311 2274 420 2318 captis
450 2280 634 2333 comparat
669 2275 827 2309 mulieres

19 2332 214 2366 suspensas.
243 2321 288 2353 cf.
313 2320 412 2363 471.)
448 2318 507 2356 ὅτι
540 2319 581 2357 δὲ
615 2319 683 2361 τοὶς
705 2323 829 2365 κίχλας

19 2367 187 2413 κιχήλα
201 2380 218 2407 ς
239 2366 486 2425 τρισυλλάβως
511 2367 631 2414 ἔλεγον
655 2367 692 2402 οὶ
709 2373 829 2410 Δωρι-

22 2417 98 2454 εῖς,
133 2427 165 2448 κ.
191 2411 240 2453 (ὃς
264 2411 301 2448 ἐκ
325 2413 390 2457 τῆς
415 2413 542 2449 αὐτῶν
565 2415 694 2458 φωνῆς
718 2415 829 2457 κιχλί-

23 2460 96 2502 ζειν
132 2459 330 2517 (Aristoph.
362 2460 456 2495 Nub.
491 2459 590 2505 954)
623 2462 684 2497 καὶ
717 2464 830 2503 κιχλι-

24 2504 116 2561 σμὸς
139 2504 197 2541 ἐπὶ
219 2507 430 2549 γυναικείου
454 2506 620 2552 γέλωτος,
648 2505 716 2542 οὐκ
740 2506 831 2550 ἅδη-

24 2550 92 2587 λόν
125 2549 210 2586 ἐστι.
232 2551 358 2595 χρῆσις
387 2551 427 2588 δὲ
450 2554 607 2599 κιχηλων
644 2552 691 2589 ου’
713 2553 831 2595 μόνον

24 2611 127 2641 παρα
151 2597 201 2643 τῷ
226 2599 388 2640 Κωμικῳ
410 2600 531 2644 (Nub.
555 2601 635 2636 333.
649 2625 659 2641 ‚
694 2599 754 2644 qui
777 2604 832 2632 ta-

26 2655 102 2679 men
135 2649 170 2679 et
205 2644 328 2686 κίχλας
352 2643 439 2679 dixit
471 2647 536 2681 Av.
559 2647 626 2681 565
662 2652 697 2679 et
729 2656 833 2703 saepe

28 2691 166 2745 alias),
208 2687 300 2724 ἄλλα
331 2689 392 2724 καὶ
425 2689 518 2735 παρ’
547 2691 760 2736 Ἐπιχάρμω
795 2690 833 2726 ἐν

27 2736 79 2782 τῷ
103 2734 188 2776 τὰς
220 2734 675 2789 ἐλαιοφιλοφάγους
699 2737 834 2781 κιχή-

8 2784 112 2823 ,λας
136 2781 324 2826 (iambicus
349 2786 548 2818 tetrameter
572 2785 686 2827 catal„
711 2784 745 2817 ni
769 2783 836 2816 fal-

28 2828 94 2872 lor,
119 2828 179 2862 sed
203 2827 397 2884 ἀκέφαλος
413 2835 449 2863 et
472 2841 624 2864 mancus·
647 2846 672 2859 υ
694 2827 761 2870 τάς
786 2827 835 2864 ἐλ.

10 2875 11 2880 ’
30 2890 136 2902 ν-υ-
158 2873 348 2931 κιχήλας),
375 2870 397 2909 ὃ
419 2877 535 2910 κεῖται
557 2888 659 2918 παρα
679 2878 730 2923 τῷ
751 2881 837 2911 Δει-

27 2920 278 2977 πνοσοφιστῆ,
302 2918 343 2960 ὃς
366 2921 429 2956 καὶ
447 2912 716 2978 Συρακουσίων
739 2921 837 2976 λέξιν

26 2962 94 3005 τοὶς
116 2965 268 3022 κιχήλας
285 2965 397 3011 λέγει,
433 2965 483 3009 ὥς
505 2966 647 3012 δηλαδὴ
671 2967 735 3005 καὶ
767 2964 838 3003 av'-

14 3012 102 3046 ’τιὸν
136 3011 365 3057 δωριζόντων
397 3019 465 3048 etc.
509 3014 553 3049 de
585 3015 698 3052 tribus
731 3026 837 3061 gene-

72 3067 214 3104 Homssn.
241 3070 377 3105 Onrss.
404 3071 465 3106 111.
568 3077 592 3088 ‘

870 1489 965 1523 ribus
990 1488 1168 1523 turdorum
1191 1500 1227 1525 v.
1247 1488 1349 1522 Schn.
1375 1499 1451 1522 ann.
1474 1485 1519 1521 ad
1544 1483 1688 1520 Aristot.

872 1535 917 1569 H.
943 1537 1042 1576 Α.9,
1070 1537 1124 1576 18,
1149 1537 1205 1577 2.
1236 1546 1271 1580 p.
1298 1535 1492 1575 120—223
1525 1543 1611 1577 quos
1635 1535 1690 1565 et-

872 1581 938 1614 iam
975 1582 1075 1625 ἴχλας
1101 1588 1137 1616 et
1162 1580 1290 1625 ἰχάλας
1315 1581 1454 1621 vocari,
1487 1582 1608 1613 auctor
1632 1581 1687 1612 est

873 1628 1084 1670 Hesychius.
1105 1647 1147 1652 -—
1166 1627 1530 1669 τανυσίπτεροι,
1555 1626 1689 1658 alatae.

905 1673 996 1713 ‚65.
1021 1693 1064 1698 —
1090 1672 1301 1708 πέλειαι.
1325 1671 1376 1715 μ’,
1399 1674 1456 1708 62.
1494 1669 1691 1710 πελειάδας

874 1719 966 1753 dixit
997 1719 1038 1753 11.
1063 1719 1107 1761 λ,
1131 1721 1211 1755 63²4.
1236 1739 1282 1744 —-
1307 1719 1412 1753 Sch..·
1438 1716 1577 1761 ἕρκει.
1619 1717 1690 1752 νῦν

875 1766 927 1810 τῷ
959 1765 1110 1811 6tntv'm.
1158 1766 1210 1799 E=
1254 1765 1397 1810 ἕρκος
1429 1761 1631 1822 δικτυωδές
1653 1776 1691 1798 τι

875 1812 1012 1853 κυρίως
1052 1810 1274 1856 μηχάνημα·
1319 1812 1389 1846 νῦν
1433 1809 1472 1846 δε
1514 1811 1691 1864 φαίνεται

876 1861 1021 1900 σχοῖνος
1046 1857 1142 1893 εἶναι
1167 1871 1290 1902 μακρα
1315 1856 1357 1892 τὸ
1387 1856 1511 1900 ε’ρκος,
1534 1858 1596 1911 ἡς
1603 1854 1690 1901 βρό-

877 1917 937 1948 χοι
968 1904 1210 1950 ἀπῃώρηνται
1241 1903 1338 1946 πρός
1372 1902 1525 1947 ἰσότητα
1551 1900 1689 1947 σύμμε-

878 1959 977 1993 τρον.
1011 1971 1057 1975 -
1092 1949 1398 1993 ἐνιπλήξωσι.
1443 1950 1506 1992 (11.
1530 1948 1579 1992 μ’,
1612 1950 1689 1993 72.)

879 1995 1116 2046 ἐγκρούσωσι.
1141 2016 1186 2022 —
1212 1996 1420 2053 (θάμνῳ.
1446 1994 1486 2037 ε’,
1510 1995 1577 2031 471
1605 1996 1689 2051 etc.)

875 2040 1020 2083 affl-19
1048 2045 1117 2088 (11.
1145 2041 1184 2100 ι’,
1215 2044 1313 2088 232.)
1358 2040 1434 2078 άπὸ
1467 2042 1534 2086 τῆς
1554 2039 1691 2096 αὐλῆς

875 2091 1052 2130 Αἰολικῶς
1076 2089 1099 2133 ἡ
1125 2092 1253 2133 κοίτη,
1286 2104 1318 2125 κ.
1338 2087 1374 2146 ,ἡ
1399 2086 1690 2132 κατασκήνωσις,

875 2133 965 2172 ὅθεν
988 2137 1050 2171 καὶ
1065 2135 1098 2193 ἡ
1125 2135 1288 2176 ε’παυλις.
1331 2133 1370 2171 ἐκ
1404 2133 1446 2170 δὲ
1475 2136 1546 2170 τοῦ
1580 2145 1690 2170 στυ-

872 2180 1009 2241 γερὸς
1034 2180 1074 2217 δ’
1099 2195 1170 2217 υπ.
1195 2185 1358 2223 κοῖτος
1388 2180 1512 2239 λαβών
1535 2193 1591 2220 τις
1614 2181 1691 2216 τῶν

872 2227 965 2278 μεθ’
991 2228 1167 2273 ’Όμηρον
1212 2227 1285 2274 ε’φη
1326 2228 1368 2263 τὸ
1403 2225 1615 2273 άτερπέα
1648 2223 1689 2262 δ’

875 2272 1020 2311 αὖλιν
1040 2275 1256 2319 ἔκυρσαν.
1265 2275 1559 2315 -οἴ,κτιστα
1575 2273 1692 2308 οἰκτί-

875 2335 980 2361 στως.
1009 2321 1049 2364 λ’,
1075 2322 1141 2357 411
1169 2325 1236 2356 etc.
1259 2341 1301 2346 —
1327 2319 1690 2366 ἥσπαιρον,ραῑ-

871 2370 1044 2414 pitabant
1078 2365 1131 2409 θ’,
1164 2369 1233 2403 526
1270 2372 1336 2402 etc.
1368 2386 1414 2392 —-
1447 2368 1688 2412 μινυνθα,

872 2417 1065 2461 paululum.
1090 2413 1141 2454 θ’,
1167 2415 1249 2449 315.

921 2460 1114 2496 475—477.
1140 2460 1283 2493 immane
1306 2458 1524 2502 supplicium,
1549 2457 1593 2492 de
1619 2469 1686 2501 quo

876 2508 922 2541 ad
947 2505 988 2547 6,'
1013 2505 1160 2541 84-86.
1195 2506 1273 2538 hinc
1299 2505 1509 2539 Theocritus
1532 2505 1566 2541 5,
1593 2505 1687 2546 149„

878 2558 1067 2586 annotante
1092 2552 1166 2585 CL:
1190 2552 1363 2596 γενοίμαν
1389 2570 1432 2575 -
1456 2548 1687 2592 Mammeos,

868 2601 959 2642 fiam
984 2599 1215 2638 Melanthius,
1237 2599 1269 2630 h.
1290 2610 1320 2630 e.
1347 2597 1557 2630 miserrimus
1578 2597 1689 2629 homi-

878 2657 973 2700 n'um,
988 2655 1129 2687 peream
1146 2644 1403 2677 miserrime.—
1424 2655 1511 2677 κεκ.
1532 2643 1686 2688 θυμῷ.

880 2689 917 2732 ι’,
938 2691 1006 2724 500
1025 2695 1091 2723 etc.
1118 2692 1227 2732 ‚,Aen.
1248 2691 1281 2731 6,
1300 2688 1398 2724 494:
1421 2690 1592 2722 laniatum
1609 2700 1689 2723 cor«

876 2748 961 2781 pore
982 2741 1054 2771 toto
1073 2737 1286 2780 Deiphobum
1309 2735 1410 2775 vidit,
1436 2736 1588 2768 lacerum
1610 2746 1689 2768 cru-

881 2784 1005 2817 deliter
1028 2793 1110 2823 ora,
1140 2783 1233 2824 Ora,
1258 2792 1446 2823 manusque
1463 2781 1599 2822 ambas,
1621 2792 1688 2825 po-

878 2830 1069 2873 pulataque
1106 2834 1262 2872 tempora
1303 2827 1414 2870 raptis
1446 2828 1614 2868 Auribus,
1654 2831 1688 2862 et

879 2880 1020 2910 truncas
1044 2875 1218 2908 inhonesto
1242 2874 1379 2907 volnere
1402 2884 1519 2929 ηαυεε.
1525 2874 1549 2892 “
1572 2873 1626 2909 cl.

927 2920 1117 2955 481—84.
1154 2918 1257 2956 οἶσε
1290 2938 1336 2944 -·
1368 2918 1594 2975 μέγαρον.
1631 2931 1688 2955 οτι

880 2965 1165 3011 πεφονευμένων
1188 2965 1261 3010 ἤδη
1283 2979 1357 3000 των
1382 2962 1495 3007 ἀξίων
1513 2964 1688 3001 θανάτου

880 3015 990 3051 θεῖον
1011 3013 1073 3051 καὶ
1097 3025 1172 3060 πνρ
1196 3014 1330 3061 ζντεῖ
1314 3011 1397 3047 ’.Οδ
1423 3010 1482 3049 ἐπὶ
1505 3011 1689 3067 καθαρσει

1355 3062 1413 3102 13
