1821 3288
124 126 209 167 15⁰

757 125 1161 170 ΟΜΗΡΟΥ

291 233 488 302 Λειώδης
516 234 563 278 δὲ
591 238 760 289 πρῶτος
789 233 1009 289 ἀνίστατο,
1043 237 1236 287 Οἴνοπος
1263 238 1376 290 υῖὸς,

186 290 319 335 145”
293 307 317 331 ο
350 302 431 347 σφι
459 291 681 344 θυοσκόος
710 293 818 345 ἔσκε,
848 292 967 345 παρὰ
997 297 1192 348 κρητῆρα
1222 294 1268 337 δὲ
1299 294 1437 338 καλὸν

292 343 352 399 ἷζε
382 350 639 417 μυχοίτατος
669 351 773 392 αἰεί·
807 348 1069 392 ἀτασθαλίαι
1098 351 1145 393 δέ
1176 367 1219 393 οι
1249 351 1328 410 οἴῳ

293 403 449 458 ἐχθραὶ
477 404 594 456 ἔσαν,
625 411 759 448 πᾶσιν
790 406 836 448 δε
865 408 1052 461 νειιέσσα
1081 397 1413 477 μνηστήρεσσιν.

296 459 346 511 ὅς
379 462 434 516 ῥα
463 463 558 505 τότε
588 467 760 515 πρῶτος
788 448 924 512 τόξον
944 463 1051 517 λάβε
1079 464 1151 507 καὶ
1178 463 1302 519 βέλος
1331 462 1439 514 ωκὺ,

298 524 375 588 στῆ
407 518 447 561 δ’
480 518 556 572 ἄρ’
589 518 655 561 ἐπ’
689 517 825 561 οὐδὸν
860 518 953 569 ἰών,
981 520 1055 562 καὶ
1083 520 1213 572 τόξου
1242 522 1495 576 πειρήτιζεν.

182 573 264 619 150
294 572 349 644 οὐ
353 535 428 616 ηδὲ
458 591 534 629 μιν
564 574 794 618 ἐντάνυσε·
825 575 931 629 πρὶν
959 575 1042 630 γὰρ
1073 576 1181 631 κάμε
1210 582 1353 631 χεῖρας
1382 578 1583 621 ἀνέλκων

295 629 552 688 ἀτρίπτους,
583 631 767 682 ἁπαλὰς,
799 632 903 687 μετὰ
935 633 980 675 δὲ
1011 637 1280 701 μνηστῆρσιν
1312 634 1473 677 ε’·ειπεν

375 689 453 737 „²52
485 690 621 755 φίλοι,
652 688 705 732 οὐ
736 705 815 744 μεν
844 689 947 760 ἐγώ
958 688 1130 732 τανύω·
1161 689 1326 744 λαβέτω
1357 692 1403 734 δὲ
1435 689 1510 734 καὶ
1538 688 1680 742 ἄλλος.

294 743 487 794 πολλοὺς
521 745 605 799 γάρ
636 744 735 788 τόδε
762 745 892 798 τόξον
923 744 1129 802 ἀριστῆας
1157 746 1386 814 κεκαδήσει

299 803 450 855 θυμοῦ
479 802 554 844 καὶ
582 806 743 857 ψυχῆς,
772 802 889 872 ἐπειὴ
919 803 1033 846 πολὺ
1062 802 1278 874 φέρτερόν
1308 804 1397 846 ἐστι

184 856 263 900 155
292 856 508 927 τεθνάμεν
537 857 565 914 ἢ
594 859 785 912 ζώοντας
815 857 1044 915 ἁμαρτεῖν,
1075 857 1182 904 οὐθ’
1216 858 1332 903 ἕνεκ’
1362 860 1447 903 αἰεὶ

293 911 452 959 ενθάδ’
484 912 726 973 ὁμιλέομεν,
756 918 1059 974 ποτιδέγμενοι
1091 916 1236 977 ἤματα
1264 916 1423 962 πάντα.

122 1114 233 1149 simile
256 1115 417 1163 videtur,
451 1118 600 1163 positum
633 1118 740 1155 fuisse
763 1125 931 1155 craterem

121 1162 200 1196 loco
226 1173 291 1205 eo,
316 1176 382 1209 quo
406 1165 519 1197 xinum
546 1177 565 1198 e
593 1177 681 1206 penu
707 1167 931 1201 afferentibus

121 1207 233 1242 servis
257 1220 318 1253 per
342 1215 450 1243 totum
484 1209 659 1252 ἀνδρῶνα
688 1214 932 1247 transeundum

121 1252 355 1332 1υἰῗεεῐ,ῐιοῐι
378 1255 452 1290 sine
475 1257 628 1302 ipsorum
653 1264 689 1292 et
712 1259 934 1293 convivarum

122 1310 174 1333 mo
191 1300 288 1333 estia.

170 1346 376 1382 144-160.
422 1347 656 1390 Oinonog
698 1351 738 1382 A.
764 1350 797 1384 2.
822 1350 934 1385 et3.=

120 1387 273 1435 ἤνοπος.
306 1405 339 1426 v.
371 1394 409 1427 11.
419 1394 483 1451 ξ,
523 1396 602 1430 445.
628 1415 674 1420 -
707 1396 762 1429 Ετ
787 1398 934 1430 θυοσ-

121 1436 236 1480 κόος
279 1437 376 1475 ἐστιν
412 1438 431 1475 ὁ
462 1439 525 1475 δια
556 1442 625 1476 τοῦ
649 1443 794 1498 θυμιᾷν
826 1438 849 1485 ἢ
883 1442 934 1477 ἱε-

122 1483 244 1526 ρεύειν
267 1486 551 1530 μαντευόμενος.
586 1486 684 1529 θύος
706 1487 774 1545 μὲν
797 1488 866 1532 γὰρ
891 1486 933 1524 τό

120 1531 223 1575 θέμα
246 1533 404 1577 (θῦμα),
428 1532 546 1577 ἤγουν
570 1534 703 1577 ἱερεῖον
727 1532 766 1589 ὴ
771 1534 842 1579 [τὸ]
861 1537 932 1569 θυ-

121 1579 264 1622 μίαμα·
306 1583 406 1614 κοεῖν
442 1580 482 1615 δὲ
512 1580 554 1613 τὸ
589 1585 710 1616 νοεῖν,
747 1579 838 1616 ὅθεν
871 1581 933 1616 καὶ

121 1626 344 1669 μακκοᾷν
377 1626 454 1681 ⁵(ap.
478 1626 650 1672 Aristoph.
675 1627 785 1671 Equ.)
816 1626 858 1662 τὸ
882 1627 932 1674 μὴ

121 1675 235 1713 νοεῖν,
262 1670 337 1705 ἀλλ’
363 1671 610 1729 οἠοηταίιᾘειι.
637 1674 824 1713 θυοσκόος
861 1675 930 1708 οὐν

122 1715 142 1753 ὁ
171 1716 235 1752 διὰ
258 1719 368 1752 θυῶν
393 1719 504 1759 κοῶν,
527 1716 611 1760 ἤτοι
635 1720 747 1761 νοῶν,
779 1720 827 1754 τοὶ
849 1719 932 1763 μέλ-

121 1766 246 1798 λοντα.
286 1764 349 1798 καὶ
375 1763 490 1800 ἄλλως
517 1764 556 1800 δὲ
581 1764 770 1821 θυοσκόος
805 1763 825 1802 ὁ
853 1766 930 1802 θύ-

122 1823 199 1855 της,
224 1807 243 1846 ὃ
270 1811 316 1845 τά
340 1809 420 1854 θύη
445 1810 551 1851 κέων,
579 1811 653 1847 ἀπὸ
679 1813 746 1846 τοῦ
770 1812 839 1847 κέω
864 1813 933 1848 τοῦ

121 1857 360 1913 γραφομένου
395 1856 458 1892 δια
489 1858 558 1893 τοῦ
595 1871 610 1893 ε
642 1860 778 1902 ψιλοῦ,
814 1858 852 1902 ἐξ
886 1861 932 1894 οὐ

121 1901 203 1947 μετ’
230 1901 352 1962 ὀλίγα
361 1903 483 1948 (176)
507 1904 570 1939 καὶ
592 1903 634 1940 τὸ
659 1903 738 1962 ἄγε
764 1905 819 1950 δὴ
843 1907 933 1950 πῦρ

122 1953 259 1986 κεῖον
285 1949 356 1985 ἐνὶ
379 1949 726 2007 μεγάροισιν,ο
706 1949 824 1987 ο’ἐστι
842 1954 934 1987 καῦ-

124 2008 213 2040 σον,
247 1993 323 2032 ἀπὸ
357 1998 427 2032 τοῦ
460 2010 536 2032 κεο
549 2010 590 2038 ν,
623 2000 840 2053 πλεονασμῷ
865 2000 934 2034 τοῦ

123 2044 229 2078 ἰῶτα.
253 2059 301 2068 *-
327 2041 401 2077 ἔστι
423 2042 494 2088 γάρ
519 2043 589 2078 κέω
612 2044 871 2088 πρωτότυπον,
896 2044 934 2088 ἐξ

124 2084 170 2124 οὗ
193 2088 288 2124 κατὰ
316 2091 525 2145 συναίρεσιν
547 2090 616 2131 κῶ,
652 2090 692 2126 ἐκ
722 2092 762 2126 δὲ
797 2091 933 2127 τούτου

122 2133 165 2171 τό
190 2137 307 2177 καίω,
344 2133 393 2176 ὡς
416 2137 466 2182 yn]
491 2138 606 2180 γαίω,
641 2150 697 2182 μω
723 2139 846 2181 μαίω,
870 2138 934 2173 καὶ

124 2179 194 2217 ὅσα
221 2182 390 2217 τοιαῦτα.
430 2183 546 2227 Εῑμῐι.
570 2182 640 2216 Μ.
676 2184 861 2220 θυοσκόοι
885 2186 934 2220 εἰ·

125 2229 182 2263 σὶν
216 2229 253 2264 οὶ
288 2227 362 2264 ἀπὸ
393 2230 467 2263 τῶν
491 2229 688 2273 θυομένων
721 2231 786 2266 διοὶ
819 2228 937 2275 πυρὸς

123 2273 408 2333 μαντευόμενοι·
452 2275 559 2318 ἱερεῖς
592 2274 632 2310 δὲ
677 2276 713 2312 οἱ
756 2275 830 2312 άπὸ
861 2279 936 2312 τῶν

126 2323 235 2364 ιερῶν
268 2321 509 2366 [σπλάγχνων
545 2322 845 2367 μαντευόμενοι].
889 2325 934 2358 cf.

124 2367 166 2411 χ’,
191 2370 270 2409 318,
297 2380 376 2402 ann.
400 2370 445 2402 ad
469 2369 509 2402 ΙΙ.
535 2368 587 2412 ω’,
613 2370 679 2404 221
706 2376 740 2404 et
763 2371 877 2404 Feith.
904 2372 937 2412 1,

125 2414 690 2455 16,.5Sch01..Aad111..c·
803 2414 937 2473 ταμεν

123 2473 193 2505 γαρ
226 2459 450 2504 θυμιάματα
474 2461 573 2506 θνη
597 2464 782 2504 καλεῖται,
815 2460 862 2498 τὰ
895 2462 935 2498 δε

125 2504 314 2551 σπλάγχνα
356 2505 482 2548 ἱερά·
523 2505 654 2542 κοινόν
695 2509 736 2544 δέ
781 2507 857 2544 ἐστι
889 2507 931 2544 τὸ

124 2552 307 2597 μάντις.
331 2553 466 2586 Vincis.
492 2553 535 2586 ad
561 2556 624 2599 Ap.
646 2555 679 2587 h.
706 2567 739 2590 v.
790 2558 934 2597 ,,θυοσ-

124 2598 228 2640 κόοι,
258 2599 371 2645 inquit
401 2600 607 2641 Salmasius,
649 2602 751 2645 vulgo
787 2608 868 2636 sunt
892 2615 934 2635 11·-

124 2647 288 2689 ruspices.
334 2645 415 2678 hinc
448 2646 535 2679 enim
559 2646 672 2679 dictos
704 2647 810 2681 fuisse
834 2649 935 2682 Thu-

125 2703 204 2726 scos
236 2691 359 2725 scribit
390 2691 535 2733 Festus,
568 2703 588 2725 a
613 2693 829 2728 sacrificandi
862 2701 934 2728 stu-

127 2738 212 2771 dio“
237 2743 303 2771 etc.
322 2757 365 2762 —
392 2738 444 2770 Εε
471 2736 622 2772 καλόν.
644 2738 789 2780 καλός
813 2738 833 2775 ὁ
858 2753 934 2775 τοι-

127 2784 238 2824 οὗτος
262 2780 326 2817 διοῖ
350 2781 392 2818 τὸ
416 2781 453 2826 ἐξ
477 2783 567 2828 ὕλης
590 2786 713 2828 τιμίας
737 2785 827 2827 τούς
843 2800 934 2828 κρα-

128 2831 240 2874 τῆρας
263 2828 370 2864 εἶναι.
411 2836 637 2864 memorantur
669 2843 752 2866 sane
777 2833 934 2877 pluribus

126 2875 160 2909 in
194 2876 279 2909 locis
315 2878 489 2920 ριίἑῐῆτυῐι]
523 2875 751 2919 (13203,o',
780 2882 858 2919 103,
893 2879 934 2913 ll.

128 2921 182 2964 ψ’,
217 2923 303 2962 219,
348 2921 467 2965 Ευιὶμ.
502 2901 616 2966 lphi'g.
651 2923 728 2957 Aul.
772 2931 807 2958 et
840 2925 934 2964 Ione,

134 2968 218 3011 virg
261 2969 343 3002 Aen.
369 2968 412 3009 2,
442 2969 509 3003 765
535 2969 622 3013 etc.)
653 2974 806 3004 crateres
838 2971 933 3006 aurei

978 1124 1014 1154 et
1038 1120 1213 1165 argentei,
1229 1132 1313 1179 quo
1344 1119 1519 1199 pertinent
1553 1117 1655 1153 etiam
1678 1118 1791 1163 splen-

979 1167 1065 1207 didi,
1092 1166 1254 1211 φαεινοὶ,
1280 1165 1323 1208 ο’,
1350 1168 1428 1207 121,
1454 1166 1492 1199 11.
1517 1164 1561 1209 γ’,
1585 1166 1674 1205 Ξ47;
1700 1164 1790 1198 dixit

978 1218 1091 1246 tamen
1117 1213 1171 1246 hic
1197 1217 1313 1246 noster
1336 1212 1437 1246 etiam
1455 1211 1689 1256 Nympharum
1714 1221 1792 1244 cra-

979 1265 1073 1291 teres
1097 1258 1254 1303 lapideos
1278 1257 1322 1299 ν’,
1341 1259 1431 1298 105.,
1458 1269 1521 1290 nec
1546 1269 1630 1302 opus
1655 1260 1718 1298 est,
1744 1254 1787 1292 τό

980 1304 1095 1338 καλὸν
1119 1304 1314 1347 inteliigere
1338 1315 1476 1336 aureum
1498 1303 1552 1336 vel
1577 1309 1788 1347 argenteum,

981 1355 1020 1384 ut.
1050 1349 1188 1395 quidem
1218 1350 1309 1384 solet
1343 1350 1451 1382 bonus
1482 1348 1535 1382 vir
1562 1350 1601 1382 Ε.
1626 1367 1671 1374 -
1704 1362 1791 1392 μυ·-

978 1397 1215 1440 χοίτατος
1246 1407 1309 1440 pro
1334 1394 1562 1440 μυχότατος,
1594 1401 1634 1429 ut
1657 1396 1791 1437 παροί-

978 1456 1089 1483 τατος
1120 1443 1187 1486 (ll.
1212 1441 1264 1486 ψ’,
1299 1441 1378 1478 459.
1409 1443 1628 1485 παροίτεροι
1652 1441 1792 1485 ἵπποι),

978 1489 1237 1533 πρωϊαίτερος,
1262 1490 1579 1532 προυργιαίτερος,
1603 1493 1792 1531 καμινιαῑ-

980 1548 1043 1576 ος,
1076 1538 1236 1579 μνααῖος
1268 1541 1304 1568 et
1329 1536 1421 1580 apud
1445 1534 1659 1568 Aristotelem
1683 1539 1792 1576 μναῖ-

980 1585 1085 1623 αῖος,
1118 1584 1346 1624 φιλαίτερος,
1382 1580 1620 1624 μεσαιπόλιος
1651 1580 1717 1624 (Il.
1742 1580 1790 1624 ν’,

979 1630 1078 1668 361),
1108 1629 1356 1671 Πυλαιμένης,
1380 1628 1438 1670 (ΙΙ.
1464 1625 1509 1673 β’,
1535 1628 1632 1670 851),
1663 1631 1790 1662 τιθαι-

977 1672 1132 1726 βωσσειν
1158 1673 1222 1717 (ν’,
1252 1675 1347 1716 106),
1376 1685 1465 1718 quae
1489 1674 1644 1717 exempla
1668 1681 1789 1718 protu-

977 1720 1018 1753 lit
1043 1720 1087 1752 E.
1111 1721 1154 1753 cf.
1179 1720 1219 1754 Il.
1245 1718 1290 1765 β,
1315 1720 1372 1753 51».
1396 1718 1790 1755 —oizao-&azc'ah

979 1764 1026 1806 α’,
1051 1766 1072 1800 7
1098 1772 1164 1800 etc.
1201 1785 1243 1790 —
1277 1745 1332 1798 Εε
1364 1764 1406 1799 τὸ
1439 1763 1583 1807 ἔκαμε
1618 1770 1790 1822 χεῖρας

980 1809 1078 1854 άτρ.
1089 1837 1099 1853 ,
1138 1808 1342 1853 ἁπαλάς,
1379 1807 1617 1855 άγυμνάστου
1651 1809 1791 1856 ἀνδρὸς

980 1857 1149 1901 δήλωσις.
1195 1857 1467 1901 διασαφητικὸν
1491 1857 1531 1893 δε
1564 1858 1632 1893 τοῦ
1657 1858 1792 1902 ατρί-

978 1917 1132 1945 πτους
1163 1902 1205 1939 τό
1241 1902 1532 1945 ἁπαλάς·τὸ
1565 1904 1634 1948 γάρ
1671 1903 1792 1947 οὕτως

980 1949 1161 1994 ἅτριπτον
1186 1951 1248 1986 καὶ
1271 1946 1436 1992 ἁπαλὸν,
1467 1952 1539 1987 εἴτε
1561 1950 1681 1995 λόφος
1703 1966 1793 1996 τρα-

979 1997 1114 2041 χήλου,
1149 1997 1220 2034 εἴτε
1251 1996 1373 2037 ποδὸς
1404 1996 1543 2042 πέλμα,
1577 1998 1649 2034 εἴτε
1671 1999 1794 2042 χειρός

979 2044 1108 2087 θέναρ.
1145 2063 1191 2068 —-
1223 2041 1264 2078 τὰ
1291 2042 1331 2077 δὲ
1355 2045 1511 2079 κεκαδ.
1546 2047 1732 2089 ψυχῆς,
1768 2043 1793 2080 ὀ’

979 2089 1055 2125 ἐστι
1081 2088 1265 2146 στερήσει,
1302 2088 1378 2124 ἔστι
1400 2089 1468 2134 μὲν
1496 2087 1702 2143 ἀπρόσιτον
1726 2090 1795 2136 ῥή-

979 2150 1062 2195 τορι
1101 2135 1151 2180 μή
1184 2137 1360 2191 μετρικῷ,
1403 2139 1542 2194 γίνεται
1582 2136 1623 2172 δὲ
1659 2136 1790 2179 οὕτως.
1820 2170 1821 2178 ,

982 2182 1057 2218 ε’στι
1081 2181 1182 2239 ῥῆμα
1206 2181 1454 2224 πρωτότυπον
1478 2181 1641 2228 αῤῥητον
1665 2185 1792 2240 (inusi-
1820 2183 1821 2188 ¹

980 2230 1130 2273 tatum),
1164 2227 1201 2271 ἐξ
1227 2226 1273 2264 05
1307 2228 1423 2273 ῥητὸν
1447 2231 1647 2274 (usitatum)
1669 2228 1792 2273 παρά-

981 2288 1099 2332 νωιον
1122 2274 1233 2319 κάζω
1259 2288 1308 2315 ωε
1332 2275 1415 2320 <WB
1441 2276 1579 2320 φράζω,
1601 2275 1655 2320 ῥῶ
1678 2277 1792 2321 βάζω.

981 2321 1019 2364 ἐξ
1045 2316 1092 2357 05
1124 2321 1247 2365 ἐφάνη
1270 2323 1444 2366 γενέσθαι
1474 2323 1518 2358 τό
1544 2335 1582 2358 τε
1611 2322 1791 2367 ράσατε

983 2367 1059 2411 (v',
1097 2369 1193 2412 150)
1234 2380 1267 2402 κ.
1302 2369 1344 2403 τὸ
1381 2367 1646 2413 ἐρράδαται
1680 2370 1791 2414 (ibid.

982 2413 1092 2457 354).
1118 2416 1254 2450 τούτου
1278 2416 1348 2449 τοῦ
1369 2415 1466 2471 χάζεο
1492 2415 1663 2460 δεύτερος
1687 2415 1792 2473 άόρι-

983 2471 1068 2501 στος
1088 2457 1246 2500 Ἰωνικός
1270 2460 1404 2518 κάδω,
1411 2459 1504 2496 ὅθεν
1519 2462 1688 2507 δεύτερος
1707 2463 1791 2507 μέλ-

980 2510 1053 2541 λων
1076 2509 1200 2550 χαδιό,
1235 2506 1271 2550 ἐξ
1296 2508 1355 2549 οὗ,
1381 2505 1572 2553 ἀναγωγῆς
1593 2509 1791 2554 γενομένης

981 2555 1033 2594 εἰς
1065 2553 1244 2588 ἐνεστῶτα
1281 2567 1313 2588 κ.
1347 2557 1486 2599 τροπῆς
1515 2555 1697 2599 Ἰωνικῆς
1718 2556 1790 2591 τοῦ

979 2602 1094 2655 ψιλοῦ
1131 2601 1183 2641 εἰς
1214 2598 1309 2634 δασύ
1346 2601 1442 2644 (imo
1472 2603 1541 2637 τοῦ
1574 2602 1706 2643 δασέος
1736 2603 1791 2643 εἰς

979 2643 1132 2690 ψιλὸν),
1169 2647 1310 2690 γίνεται
1341 2646 1383 2682 τὸ
1416 2649 1521 2683 καδαῖ
1550 2647 1719 2693 καδήσω,
1754 2661 1791 2682 κ.

977 2692 1074 2728 κατὰ
1077 2691 1444 2750 ἀναδιπλασιασμὸν
1466 2695 1730 2749 κεκαδὴσω,
1754 2695 1789 2731 ἴ-

979 2752 1028 2774 να
1068 2734 1092 2784 ᾗ
1133 2739 1347 2783 κεκαδήσειν
1388 2739 1430 2776 τό
1466 2738 1671 2785 ἀναγκάσαι
1702 2739 1788 2776 τινὰ

978 2786 1180 2843 χάσασθαι,
1196 2787 1383 2822 τουτέστιν
1393 2787 1644 2831 ὑποχωρῆσαι.
1667 2785 1788 2828 οὕτως

982 2844 1050 2868 ονν
1084 2832 1146 2867 καὶ
1181 2832 1292 2869 τόδε
1329 2832 1370 2869 τὸ
1403 2832 1550 2876 τόξον
1577 2833 1788 2874 πολλονς

981 2876 1214 2922 ἀριστῆας
1238 2878 1503 2924 κεκαδήσει,
1522 2880 1788 2915 τοντέστιποι·

980 2923 1061 2967 ήσει
1083 2925 1295 2970 χρίσασθαι,
1317 2938 1383 2969 της
1404 2927 1575 2971 ψυχης
1609 2927 1653 2960 cf.
1678 2926 1720 2961 11.
1744 2923 1787 2968 λ’,

981 2971 1061 3006 334.
1087 2991 1131 2997 —
1154 2970 1518 3017 ποτιδέγμενοι.
1556 2971 1603 3019 β’,
1627 2973 1697 3009 205
1718 2976 1788 3008 ete.
