1821 3288
503 97 1081 154 οΔνΣΣΕιΑΣ
1133 113 1191 152 Σ.

1622 117 1679 158 49

191 222 241 274 ὅς
268 221 313 266 κ’
343 220 431 266 ἆπὸ
464 221 567 276 ῥῖνα
596 218 760 288 τάμῃσι
788 218 863 264 καὶ
893 235 1033 264 ουατα
1060 220 1184 289 νηλέϊ
1208 224 1368 278 χαλκῷ,

189 277 328 336 μήδεά
355 279 398 322 τ’
429 277 634 334 ἐξερύσας
665 275 758 334 δώῃ
787 277 917 321 κυσὶν
945 275 1043 334 ωμοὶ
1074 276 1306 321 δάσασθαι.
1318 283 1346 304 “

19 375 68 439 ἦν
89 381 156 426 τῆς
175 380 370 425 Ἠπείρου,
399 378 622 435 Εὗχήνορος
644 382 806 422 παῖς,ω

18 427 89 473 μός
110 443 142 463 κ.
169 427 371 470 ἀπότομος,
395 423 436 468 ὃς
459 441 521 463 και
543 427 620 483 τήν
634 425 827 470 θυγατέρα

19 474 209 519 Μετωπην
243 471 266 520 ἢ
290 473 512 518 ’Ἀμφισσαν,
547 471 621 508 ὐπό
653 474 827 518 Αἰχμοδί-

19 534 87 556 κου
112 521 180 564 (sic
204 521 236 554 E
261 532 408 566 quoque,
434 531 500 554 non
525 521 764 577 Αἰχμοδίκου,
787 524 826 555 ut

16 569 90 603 Am.
116 567 181 611 Q.)
207 569 445 609 φθαρεῖσαν,
467 566 642 610 πηρώσας
666 565 825 622 ἠνάγκα-

16 616 54 656 ζε
89 613 243 669 σιδηρᾶς
272 611 373 647 ἀλεῖν
404 612 562 656 κριθάς,
598 612 711 668 λέγων
741 611 826 648 τότε

15 657 226 697 ἀποδώσειν
256 658 323 699 τοὶς
353 658 479 702 ὄψεις,
515 657 577 695 ὅτε
608 655 730 695 αλέσει
757 658 827 701 τὰς

15 704 174 750 κριθάς·
207 704 276 740 τόν
302 703 343 740 δὲ
365 704 605 764 Αἰχμόδικον
623 705 684 741 ἐπὶ
708 705 827 741 ἑστία-

16 763 77 788 σιν
92 750 244 792 καλέσας
263 750 526 808 η’κρωτηρίασε,
546 751 608 787 καὶ
629 766 675 787 τα
695 753 826 787 αἰδοῖα

16 797 136 834 αὐτοῦ
169 797 370 839 ἀπέκοψεν.
415 797 569 842 ὕστερον
598 797 725 841 μέντοι
755 810 825 842 μα-

16 846 104 886 νεὶς,
127 858 159 879 κ.
180 846 255 880 τῶν
279 846 386 880 ἰδίων
411 844 640 902 ἐμφορηθεὶς
665 844 825 887 σαρκῶν,

15 890 170 937 οέπέσβη.
217 895 292 925 Am.
318 892 384 937 Q:
411 889 558 934 ’Ἑχετος
580 887 627 934 ἦν
650 903 717 933 μεν
741 888 827 931 υἱὸς

16 938 217 982 Βουχέτου,
242 936 307 979 ἀφ’
335 931 380 971 οὗ
401 939 461 972 καὶ
487 935 526 971 ἐν
548 938 699 983 Σικελίᾳ
722 935 827 977 πόλις

18 984 201 1028 Βονχετος
227 985 402 1018 καλεῖται.
429 982 558 1025 (malim
579 973 763 1027 Βούχετα,
787 988 827 1018 ut

16 1032 109 1075 apud
132 1031 248 1074 Etym.
274 1034 310 1063 et
333 1029 617 1071 Demosthenem,
652 1030 707 1063 vel
732 1029 826 1075 quis-

16 1077 94 1120 quis
126 1076 183 1109 ille
215 1078 289 1115 est,
322 1074 382 1118 qui
406 1075 546 1119 scripsit
569 1076 758 1110 orationem
783 1076 826 1110 de

14 1122 201 1156 Haloneso.
226 1121 399 1154 assentior
423 1121 510 1154 enim
534 1121 751 1163 Buttmann0‚
775 1122 826 1155 Ε-

16 1168 70 1213 pir
115 1167 220 1201 lrbein
241 1165 406 1210 Βούχετα
421 1178 483 1201 seu
502 1167 714 1212 Βουχέτιον,
738 1179 826 1213 quae

17 1225 61 1248 ma
131 1218 274 1248 vocatur
298 1214 522 1257 Βουχαίτιον
546 1225 602 1259 ap.
620 1215 827 1248 Strabonem

17 1261 52 1301 7,
104 1285 123 1303 .,
147 1271 183 1304 p.
213 1261 291 1294 119.
321 1260 375 1293 ed.
403 1260 579 1300 Tauchn„
602 1261 670 1294 vol.
694 1262 741 1302 2.,
774 1260 828 1293 in-

15 1305 236 1350 tc.1gendam
260 1316 337 1339 esse
361 1305 584 1340 existimanti.
615 1318 719 1351 saepe
744 1320 768 1341 α
791 1310 828 1340 et

13 1364 56 1393 ος
79 1351 253 1394 confusa.)
293 1353 457 1386 Σικελῶν
483 1350 524 1386 δε
556 1351 738 1396 τύραννος
771 1352 827 1388 λέ-

11 1410 126 1444 γεται.
148 1397 244 1452 (fieri
268 1403 394 1442 potest,
420 1402 457 1431 ut
480 1397 531 1432 ita
556 1398 829 1433 existimaverint

40 1449 159 1488 ropter
182 1441 227 1484 ν’,
250 1445 361 1479 381—
324 1445 467 1488 -383.)
490 1446 626 1480 τοῦτον
649 1444 745 1486 τούς
759 1457 828 1488 μεν

34 1491 212 1547 γχωρίους
227 1488 321 1524 κατὰ
337 1489 461 1525 πάντα
480 1490 620 1535 τρόπον
642 1493 825 1534 σίνεσθαι,

9 1536 106 1578 ’τους
139 1535 180 1572 δὲ
224 1535 352 1579 ξένους
385 1535 552 1581 ἀναιρεῖν
592 1537 742 1594 λωβώμε
745 1551 824 1573 νον.

12 1581 200 1639 τοσαύτην
224 1581 264 1618 δὲ
288 1583 422 1618 κακίαν
427 1583 551 1640 ἐχειν,
577 1581 628 1625 (ὃς
649 1586 710 1620 καὶ
736 1584 826 1627 τοὺς

14 1628 159 1686 μακρὰν
184 1630 394 1673 οἰκοῦντας,
422 1627 483 1666 ὅτε
507 1630 654 1666 θέλοιεν
679 1629 826 1676 σφόδρα

14 1689 100 1712 τινα
124 1677 344 1734 τιμωρῆσαι,
367 1690 402 1712 κ.
424 1676 513 1720 ξένῳ
532 1680 826 1735 περιβαλεῖνθα-

15 1722 128 1779 νάτῳ,
152 1722 347 1767 ἐκπέμπειν
366 1721 483 1777 αυτῷ·
509 1725 646 1764 πολλας
665 1724 735 1768 γάρ
754 1738 825 1782 μη-

14 1768 131 1828 χανᾶς
149 1769 309 1826 ἐξευρεῖν
328 1769 462 1805 τοῦτον
482 1772 617 1811 αἰκίας.
650 1770 742 1807 ὅθεν
757 1772 826 1808 τὸν

15 1816 109 1852 λαὸν
127 1814 196 1860 οὐχ
216 1814 415 1861 ’ὑπομένειν
429 1815 518 1873 τήν
526 1830 662 1860 πικραν
685 1817 826 1876 ταύτην

15 1864 232 1906 τυραννίδα,
256 1863 378 1903 λίθοις
403 1860 444 1897 δὲ
468 1860 590 1898 αὐτόν
613 1862 762 1899 ανελεῖν.
801 1862 823 1910 ἡ

18 1909 164 1953 ἱστορία
186 1908 289 1951 παρὰ
313 1908 444 1943 Μνασέ
446 1923 469 1954 ᾳ
492 1922 525 1944 κ.
548 1910 725 1958 Μαρσύᾳ.
746 1911 826 1954 (ho-

17 1966 91 1990 rum
118 1954 321 2009 scriptorum
354 1956 466 1988 notior
502 1955 614 1990 altero
648 1964 701 1990 est
723 1959 825 1992 Mna-

16 2012 117 2042 seas,
141 2001 200 2046 qui
223 2011 309 2034 aevo
334 2001 492 2045 sequiore
518 2001 627 2035 edidit
649 2002 756 2037 lib1os
781 2003 825 2037 de

14 2047 159 2092 Europa
183 2052 219 2081 et
242 2046 333 2087 Asia,
358 2047 544 2093 Periplum,
570 2048 660 2090 alia;
687 2050 730 2083 de
754 2061 824 2095 quo

15 2093 184 2127 Valcken.
229 2093 411 2127 Animadv.
456 2093 500 2127 ad
531 2095 682 2129 Ammon.
717 2096 760 2137 3,
791 2098 825 2138 1,

42 2150 98 2184 a.g
127 2139 212 2180 168,
246 2139 326 2173 item
363 2138 406 2173 ad
440 2139 556 2174 Schol.
587 2141 717 2176 Phoen.
743 2142 822 2185 652,

53 2196 127 2229 eyn.
161 2185 266 2219 Obss.
299 2184 344 2219 ad
379 2186 536 2231 Apollod.
572 2198 606 2231 p.
638 2189 720 2223 262.
756 2193 824 2223 etc.

0 2247 1 2278 ι
0 2230 180 2276 Marsyae
196 2231 382 2275 scriptores
401 2233 468 2266 duo
482 2239 722 2274 memorantur,
738 2245 823 2279 quo-

15 2288 87 2311 rnm
109 2277 223 2321 junior
238 2277 462 2312 Macedonum
481 2279 645 2313 historias
668 2280 822 2325 scripsit.

16 2334 50 2357 v.
75 2323 172 2357 Voss.
197 2323 240 2357 de
264 2324 399 2358 Histor.
426 2336 477 2368 gr.
502 2336 538 2369 p.
562 2325 634 2369 43„
660 2326 748 2359 Plin.
774 2327 820 2361 H.

15 2367 62 2403 N.
77 2367 146 2410 37,
168 2370 203 2404 2.
226 2370 290 2402 sub
312 2370 424 2412 finem,
442 2370 554 2404 Schol.
572 2371 692 2416 Eurip.
712 2372 822 2417 Hipp.

17 2416 86 2450 666
102 2420 168 2449 etc.
191 2415 352 2459 leguntur
368 2417 454 2450 haec
478 2417 580 2451 etiam
604 2418 695 2462 apud
709 2418 821 2452 Pseu-

17 2460 252 2514 dodidymum3
287 2473 353 2495 non
385 2463 466 2496 item
500 2464 703 2507 sequentia,
732 2476 820 2510 quae

16 2507 130 2541 nescio
156 2507 233 2552 quis
255 2507 352 2541 'alius
376 2508 524 2550 subjecit
547 2509 662 2543 verbis
685 2510 823 2544 Scholi-

15 2557 112 2586 astae
137 2554 208 2586 Am.
237 2553 300 2606 Q.)
323 2573 368 2578 —
394 2553 516 2596 Οὗτος
548 2554 721 2600 ἩΗπειρου
753 2558 822 2599 βοι-

17 2596 156 2641 σιλεὺς,
197 2595 410 2657 Εὕκήνορος
450 2613 484 2635 κ.
519 2603 703 2646 Φληγυίας
737 2603 820 2645 (Ε-

16 2645 199 2704 Φλογέας)
223 2644 316 2687 υιός,
342 2644 381 2688 ὃς
399 2645 465 2704 τῆν
483 2648 672 2692 θυγατέρα
689 2648 822 2684 Μετιό-

15 2703 90 2736 πην
112 2688 136 2736 ἢ
151 2690 368 2736 Ἄμφισσαν,
393 2689 467 2728 ὑπὸ
478 2695 710 2747 Αἰχμοδόκου
736 2695 821 2739 (sic)

16 2740 248 2793 φθαρεῖσαν,
281 2737 456 2782 πηρώσας
477 2737 684 2797 ηνοὶγκασεν
719 2741 822 2776 ἀλεῖν

14 2782 150 2841 κριθας
170 2784 339 2828 σιδηρᾶς,
364 2783 445 2821 τότε
465 2785 587 2842 φήσας
611 2786 820 2824 αποδώσειν

14 2828 109 2885 αᾲτῇ
131 2831 197 2872 τὰς
221 2830 349 2875 ὄψεις,
382 2829 472 2866 ὅταν
504 2831 619 2890 αλήσῃ
643 2835 709 2876 τὰς
738 2847 819 2892 κρι-

13 2875 101 2917 θάς.
133 2877 198 2912 τὸν
222 2877 263 2912 δὲ
285 2877 516 2922 Αἰχμοδόκον
542 2879 591 2922 ὡς
614 2879 672 2916 ἐπὶ
697 2881 821 2917 εστίαν

35 2922 163 2963 αλέσας
186 2922 459 2969 η’κρωτηρίασε,
484 2926 545 2961 καὶ
571 2927 622 2968 εἰς
646 2925 821 2984 ὠμότητα

33 2969 161 3014 ραπεὶς
199 2970 339 3015 μισθόν
378 2970 583 3018 ἐλάμβαιεν
613 2971 681 3012 vni
678 2988 708 3020 ρ
748 2974 823 3011 τοῦ

62 3026 203 3063 nomm.
230 3029 363 3067 Onxss.
388 3029 450 3066 111.

777 393 826 415 ω·
870 376 1155 437 ἅκρωῑηριᾱζδιν
1176 393 1267 421 τους
1296 380 1354 417 δπι
1371 378 1506 438 ηῑθύτῳ
1536 393 1675 426 πΞμπΟ-

870 425 1006 469 μένους
1040 425 1145 473 αΰτῳ
1175 426 1316 470 ξένους.
1365 425 1520 471 ὕστερον
1550 428 1678 472 μέντοι

869 472 999 515 μανεὶς
1024 461 1242 530 ἐνεφορήθη
1272 473 1346 508 τῶν
1380 475 1487 509 ἰδίων
1510 476 1678 530 σαρκῶν.

868 531 968 560 τινες
990 518 1031 555 δέ
1055 531 1182 563 φασιν,
1207 517 1265 555 ότι
1288 516 1350 554 ἐπ’
1376 520 1497 556 αὐτου
1510 518 1678 565 Ομήρου

871 565 1045 610 (aequalis
1069 567 1234 611 Homero)
1270 562 1318 610 ἧν
1342 562 1362 602 ὁ
1379 563 1547 622 Ἔχετος·
1580 566 1679 603 ἐπει-

870 609 918 654 δὴ
933 577 994 647 (ἰδὲ
1012 609 1294 669 ἐπλημμέλησεν
1329 613 1382 652 εἰς
1405 611 1539 655 αὐτόν,
1570 612 1680 658 ε’μνή·

873 659 948 701 σθη
973 655 1093 693 αυτοῦ
1118 657 1251 694 ὡσανεὶ
1275 661 1440 694 παλαιοῦ
1465 673 1567 700 τινος
1597 659 1679 695 ἀδί-

871 716 953 738 κου.
998 704 1043 746 Ε,
1067 710 1247 758 postquam
1272 706 1360 739 hanc
1383 706 1506 740 famam
1529 706 1604 741 sive
1625 708 1680 741 fa-

871 749 984 782 bulam
1008 754 1044 783 et
1067 751 1143 795 ipse
1167 752 1302 786 retulit:
1332 748 1353 787 ὃ
1376 754 1435 788 καὶ
1461 751 1519 788 ἐπὶ
1547 754 1680 796 Θερσί-

870 806 915 839 τη
938 796 1094 848 ποιῆσαι
1118 797 1277 840 λέγεται,
1302 799 1434 843 inquit,
1449 801 1578 846 κακῶς
1601 799 1680 835 ἐπι·

870 840 1121 883 τροπεύσαντι
1151 844 1226 878 τῶν
1260 843 1392 879 αὐτοῦ.
1434 846 1556 890 (όνπερ
1589 844 1679 881 ἀνα-

870 889 982 921 παλιν
1007 889 1208 933 πεποίηκεν
1229 888 1290 925 ἐπὶ
1320 892 1479 935 Τυχίου,
1502 906 1534 927 κ.
1562 894 1682 948 Φημί-

873 944 938 989 ου,
970 934 1683 980 κ.Μέντου,κ.1ι1έντορος·αυ’τῶν

870 976 941 1023 γὰρ
967 991 1008 1015 ευ
1025 979 1280 1026 πεποιηκότων
1303 982 1420 1018 αὐτὸν
1444 982 1498 1019 ἐπ’
1521 983 1682 1041 αγαθοῖς

871 1025 1064 1083 μέμνηται,
1088 1028 1142 1068 εἰς
1163 1026 1391 1083 παλαιότητα
1413 1029 1548 1074 χρόνου
1574 1029 1682 1076 ἡρωϊ-

871 1071 942 1106 κοῦ
979 1070 1131 1117 ἀνάγων
1169 1072 1319 1114 αὐτούς.
1359 1087 1392 1109 ι’.
1435 1088 1511 1111 ann.
1553 1078 1597 1111 ad
1632 1077 1680 1121 α’,

874 1118 952 1154 154.
977 1119 1066 1154 idem
1092 1119 1135 1153 de
1160 1121 1394 1166 appellatione
1410 1124 1506 1167 regis
1532 1124 1682 1167 (βασι-

871 1165 1007 1220 λῆα),
1051 1177 1127 1201 cum
1154 1173 1339 1225 tyrannus
1365 1168 1475 1203 fuerit
1505 1169 1680 1205 Echetus.

873 1207 942 1254 όρα
968 1211 1008 1247 δε
1031 1212 1115 1253 καὶ,
1151 1209 1209 1248 ὅτι
1242 1213 1308 1249 τόν
1323 1211 1396 1259 ”χΕ
1399 1226 1482 1250 ετον
1507 1215 1594 1251 δέον
1617 1213 1683 1252 τύ-

873 1270 1013 1300 ραννον
1036 1259 1172 1300 εἰπεῖν,
1202 1255 1222 1295 6
1248 1258 1288 1295 δὲ
1311 1260 1465 1318 βασιλέα
1485 1259 1598 1298 εἶπεν.
1632 1260 1683 1307 η’-

871 1308 1038 1360 γνοεῖτο
1040 1318 1121 1361 γαρ
1157 1304 1216 1341 ἐπὶ
1244 1304 1412 1352 εΟμήρου
1442 1305 1465 1353 ἡ
1497 1307 1683 1367 τύραννος

873 1351 989 1393 λέξις,
1023 1347 1046 1395 ἣ
1071 1351 1131 1386 καὶ
1154 1348 1309 1396 ὕστερον
1333 1353 1529 1397 εὑρεθεῖσα
1551 1353 1612 1392 ἐπ’
1637 1354 1682 1392 οἷ-

873 1399 981 1442 γαθῷ
1005 1397 1164 1442 ἐλέγετο
1170 1403 1267 1446 τοῖς
1290 1414 1358 1444 γαρ
1369 1400 1552 1458 ἐννόμοις
1576 1403 1682 1449 βασι-

873 1445 974 1478 λευσι
1005 1447 1129 1489 κλῆσις
1160 1447 1208 1490 ἠν
1242 1449 1304 1482 καὶ
1336 1445 1453 1504 αὕτη,
1493 1446 1542 1489 (ὃς
1575 1450 1686 1493 δηλοῖ

871 1488 965 1534 πρὸς
998 1493 1145 1534 μυρίοις
1178 1492 1302 1534 ἄλλοις
1332 1494 1394 1529 καὶ
1427 1492 1445 1528 ὁ
1478 1508 1600 1552 παρα
1606 1497 1683 1531 Σο-

872 1540 1005 1582 φοκλεῖ
1038 1539 1220 1594 Οἰδίπους
1259 1538 1452 1585 τύραννος.
1501 1539 1523 1586 ἡ
1555 1540 1684 1587 μέντοι

869 1585 1154 1641 μεταγενεστέρα
1198 1588 1325 1632 χρῆσις
1368 1588 1564 1644 διορίσασα
1603 1591 1683 1628 τοῖς

872 1629 1032 1675 ἀγαθοῖς
1054 1643 1121 1675 μεν
1144 1633 1353 1678 βασιλεῦσιν
1380 1632 1615 1680 ἀπεκλήρωσε
1638 1634 1681 1672 τὰ

869 1679 1065 1733 πρεσβεῖον
1079 1679 1156 1733 τῆς
1177 1682 1338 1720 παλαιᾶς
1359 1681 1487 1723 λέξεως
1508 1681 1551 1718 τό
1575 1682 1683 1739 βασι-

869 1722 964 1764 λευς,
987 1722 1092 1759 καθὰ
1117 1726 1179 1761 καὶ
1195 1726 1352 1770 μάλιστα
1374 1728 1417 1763 τό
1442 1725 1548 1771 ἅναξ,
1572 1727 1614 1764 τό
1640 1726 1683 1764 δέ

871 1782 914 1824 γε
932 1774 1125 1814 τυραννεῖν
1159 1768 1381 1832 ἀποᾙτάξασα
1404 1777 1482 1814 τοῖς
1509 1773 1560 1819 μὴ
1584 1773 1682 1810 notro?

871 1815 989 1860 νόμον
1013 1829 1191 1863 αρχουσιν
1216 1816 1412 1864 οἷπέρριψε.
1444 1821 1489 1855 cf.
1514 1821 1620 1855 Schu.
1644 1833 1680 1856 v.

871 1862 1065 1905 τύραννος,
1091 1869 1126 1898 et
1150 1865 1193 1898 de
1212 1866 1347 1901 Echeto
1370 1867 1412 1900 B.
1438 1878 1515 1900 ann.
1542 1867 1584 1900 ad
1608 1867 1682 1901 He-

871 1909 1008 1944 rodiani
1023 1910 1280 1954 Epimerismos.
1306 1913 1413 1946 Arete
1437 1913 1481 1947 ad
1500 1913 1682 1949 Alcinoum

871 1955 963 2012 apud
987 1956 1499 2000 Aponon.Rh0d.4,1o92..
1529 1958 1615 1995 νέον
1640 1971 1681 2004 γε

869 2013 950 2046 μεν,
977 2001 1069 2037 ουδ’
1094 2001 1166 2038 cino*
1185 2005 1319 2061 τηλοῦ,
1333 2001 1538 2050 Υβριστής’
1538 2002 1681 2049 Ἐχετος

869 2047 1018 2106 γλήναις
1041 2047 1095 2084 ἔνι
1118 2048 1253 2094 χάλκεα
1279 2049 1410 2107 κέντρα
1433 2051 1534 2096 Πῆξε
1558 2054 1682 2096 θυγα-

863 2094 956 2152 τρὸς
979 2093 1061 2139 εῆς·
1088 2095 1276 2132 στονόεντι
1296 2095 1337 2132 δὲ
1352 2094 1544 2154 κάρφεται
1574 2098 1680 2144 οἴτῳ,

863 2138 1051 2187 Ὀρφναίῃ
1084 2141 1139 2178 ενὶ
1169 2141 1327 2201 χαλκὸν,
1337 2142 1582 2188 ἀλετρεύουσα
1613 2157 1682 2180 κα-

869 2189 942 2243 λιῇ.
965 2207 1010 2213 —
1041 2187 1093 2223 Ε·
1126 2186 1166 2224 ἐν
1200 2187 1242 2225 δε
1274 2191 1327 2236 τῷ
1359 2190 1554 2248 βροτων
1584 2192 1679 2249 δηλ.

868 2246 1060 2269 παντων
1076 2226 1335 2295 ὑπερβολικῶς
1357 2237 1469 2272 πάλιν
1491 2240 1611 2273 κεῖται
1633 2236 1676 2274 τὸ

867 2279 1031 2324 πάντων,
1057 2294 1106 2323 ως
1128 2284 1189 2317 καὶ
1214 2280 1268 2318 ἐπ’
1293 2282 1413 2320 ἄλλων
1436 2282 1573 2329 ἐφάνη.
1612 2284 1678 2341 δη-

867 2329 930 2362 λοῖ
959 2325 1000 2362 δε
1023 2325 1224 2364 κάνταῦθα
1258 2327 1280 2374 ἦ
1305 2329 1398 2372 λέξις
1427 2330 1566 2372 μόνους
1588 2342 1680 2370 τους

866 2374 1157 2428 περιπίπτοντας
1187 2378 1271 2417 ταῖς
1302 2378 1372 2411 τοῦ
1395 2373 1542 2431 Ἐχέτου
1565 2377 1678 2421 χερσί.

868 2420 920 2476 (ν.
945 2417 992 2462 ν,
1016 2421 1096 2463 309,
1121 2421 1173 2467 φ’,
1199 2424 1280 2463 249,
1304 2422 1344 2456 Il.
1370 2420 1418 2464 α’,
1442 2424 1509 2458 122
1527 2423 1610 2466 etc.)
1633 2423 1677 2458 τὸ

868 2463 908 2501 δε
930 2465 1060 2522 ρῖνα
1092 2487 1137 2494 —
1170 2466 1327 2503 οὔατα
1359 2467 1425 2504 τόν
1448 2468 1679 2524 ἀκρωτηρια-

869 2510 962 2556 σμὸν
988 2514 1106 2558 δηλοῖ.
1132 2533 1176 2540 -
1201 2514 1242 2550 c6
1268 2512 1307 2549 δε
1330 2516 1488 2570 μήδεα
1523 2514 1581 2558 ἐξ.
1612 2513 1679 2551 ἐπ-

867 2558 1025 2600 ωδύνως
1065 2559 1137 2605 ἔχει
1167 2562 1306 2605 μᾶλλον
1336 2559 1429 2606 ἥπερ
1469 2559 1512 2597 τό
1545 2565 1678 2604 ταμεῖν

867 2603 978 2640 αὕτα.
1019 2606 1084 2639 hoc
1108 2606 1277 2652 supplicio
1301 2607 1437 2641 immani
1468 2607 1543 2652 ipse
1567 2606 1614 2641 Ul
1617 2618 1676 2652 ys-

867 2662 922 2685 ses
939 2651 1142 2696 afficijubet
1152 2653 1375 2687 Melanthium
1393 2650 1438 2696 χ’,
1455 2653 1675 2689 474—477.·
1662 2678 1675 2696 ‚

867 2698 958 2742 quod
992 2698 1083 2731 idem
1118 2699 1160 2733 ab
1197 2699 1330 2743 Ergino
1366 2698 1477 2733 missis
1507 2699 1675 2734 inflixisse

869 2743 997 2777 dicitur
1029 2743 1196 2779 Hercules
1233 2745 1418 2789 (Apollod.
1448 2746 1494 2785 2,
1516 2746 1563 2787 4,
1587 2746 1675 2799 11‚)

863 2789 1017 2834 ipsisque
1041 2789 1106 2823 diis
1130 2791 1294 2836 Neptuno
1326 2795 1362 2824 et
1385 2769 1533 2835 Apollini
1566 2791 1676 2826 mina-

864 2842 921 2869 tus
945 2842 998 2869 est
1021 2835 1215 2871 Laomedon
1241 2835 1379 2880 (11.φ’,
1401 2837 1519 2881 455.);
1543 2843 1607 2871 nec
1632 2849 1674 2872 eo

865 2885 985 2925 postea
1011 2882 1148 2916 barbari
1173 2883 1422 2925 abstinuerunt,
1448 2885 1509 2917 sed
1534 2883 1569 2917 in
1594 2895 1675 2917 son-

863 2933 918 2960 tes
949 2932 1083 2970 tamen,
1119 2940 1183 2963 non
1216 2928 1425 2963 innocentes.
1456 2940 1490 2965 v,
1514 2929 1672 2973 Xenoph.

863 2973 973 3009 Anab.
1006 2976 1046 3017 1,
1080 2972 1669 3065 9‚13etc.-—46oeoa‹56m‚

1363 3161 1379 3172 k
